3254 5112
682 514 721 556 .·..
743 508 781 571 35
803 542 842 554 ..

252 647 419 741 operibus
443 645 648 740 carpendis;
671 646 802 740 quippe
825 645 887 738 qui
914 668 1054 741 semper
1078 648 1173 720 soliti
1194 647 1266 720 sint

253 776 428 870 quidquid
448 764 579 848 novum
601 774 647 846 de
666 774 850 847 bominum
874 775 1094 868 deorumque
1112 787 1174 848 aut
1197 787 1266 850 ter·

254 923 371 973 rarum
401 912 525 972 natura
551 900 735 972 inventum
765 911 840 971 erat
868 910 905 971 et
929 901 974 972 ab
997 900 1075 973 aliis
1104 912 1203 974 autu
1227 924 1275 977 so·

255 1027 382 1098 molius
412 1025 694 1118 excogitabatur,
725 1025 883 1118 aequales
912 1024 1042 1097 docere
1074 1023 1131 1122 (i)
1163 1038 1198 1099 et
1230 1027 1266 1099 in

255 1171 407 1223 scaenam
428 1150 645 1222 uberrimum
661 1171 707 1221 ex
725 1149 924 1221 eruditione
943 1148 1073 1221 fontem
1089 1151 1264 1225 derivare.

255 1277 340 1348 Item
358 1274 544 1369 Euripides
563 1276 663 1347 velut
682 1274 853 1368 quasdam
871 1275 1111 1348 auxiliatrices
1126 1278 1276 1372 tragicas·

255 1401 341 1474 artis
373 1422 481 1494 quum
507 1400 782 1495 philosophiam,
813 1409 888 1471 tum
915 1412 1051 1473 naturae
1073 1403 1268 1476 doctrinam
1297 1415 1299 1418 ’

256 1525 467 1614 adhibebat,
494 1534 533 1594 ut
559 1523 856 1618 inexpugnanda
885 1524 1058 1618 religione
1081 1537 1185 1598 vetus
1206 1549 1275 1600 au-·
1375 1562 1379 1566 Δ

257 1670 334 1720 rum
347 1649 504 1741 signaret
516 1669 622 1737 nove,
635 1659 672 1719 et
688 1668 753 1741 pro
773 1667 855 1719 asso
875 1647 936 1719 illo
956 1649 1032 1720 sole
1048 1671 1119 1743 quo
1135 1650 1278 1744 priores-

257 1773 413 1844 coutenti
436 1772 505 1843 sibi
531 1772 654 1864 vigere
677 1771 914 1861 videbuntur,
936 1772 1085 1843 nitidum
1107 1786 1270 1846 unctum·

257 1920 327 1992 que
347 1907 496 1992 poneret
516 1898 673 1993 periculo
692 1920 772 1988 suo,
791 1897 949 1992 periculo
969 1899 1080 1994 ipsius
1095 1899 1193 1972 artis.

267 2023 269 2027 ’
306 2027 352 2100 At
362 2028 456 2100 enim
473 2029 560 2100 deos
575 2029 733 2121 qualesa
748 2028 862 2124 poetis
877 2027 955 2099 aliis
976 2027 1093 2099 traditi
1103 2039 1185 2099 sunt
1201 2033 1280 2123 ipre*

258 2158 356 2227 etiam
374 2154 519 2225 induruit.
531 2195 580 2206 -
597 2154 645 2225 lta
665 2175 769 2245 sane,
789 2153 853 2225 sed
868 2153 1026 2226 eomodo
1041 2165 1080 2224 ut
1091 2175 1153 2228 eos
1171 2153 1271 2229 fictos

259 2282 363 2375 plone
382 2302 423 2352 ac
443 2280 703 2353 commentitios
722 2277 950 2371 significaret.
977 2278 1151 2363 Quoniam
1175 2283 1268 2353 enim

260 2405 356 2477 nulla
374 2425 453 2476 esso
472 2415 588 2498 potest
607 2403 761 2492 licentia,
775 2425 893 2497 neque
908 2405 944 2475 in
964 2404 1054 2475 lalsa‘
1068 2414 1130 2475 aut
1142 2405 1270 2478 incon·

259 2529 366 2602 stanti
391 2528 551 2601 doctrina
578 2528 671 2600 ullus
695 2550 808 2624 error,
835 2530 921 2601 deos
945 2551 1083 2600 summa
1111 2530 1280 2602 libertate·

261 2655 436 2742 tractavit,
467 2665 502 2727 et
527 2654 641 2726 omnis
666 2676 812 2725 securus
835 2654 1018 2746 religionis
1046 2675 1139 2724 nunc
1159 2654 1272 2748 pbilo-

261 2781 405 2875 sopbice
425 2781 594 2869 elevavit,
616 2802 710 2851 nunc
735 2780 871 2873 poetice
890 2791 1032 2852 ornatos
1052 2800 1179 2851 scaenae
1196 2801 1280 2850 suae·

261 2908 556 2997 accommodavit,
583 2908 689 2980 modo
715 2929 816 3002 paene
841 2907 995 2978 bumana
1015 2908 1136 2980 indole
1158 2908 1274 2982 induit

262 3034 414 3130 lecitque
433 3045 579 3128 vegetos
601 3033 795 3105 Homericis
815 3033 1017 3123 similiores,
1039 3056 1129 3129 quos
1146 3037 1282 3108 heroas-

262 3169 366 3231 aetate
386 3159 526 3231 adultos
541 3159 652 3262 dicas,
681 3159 744 3231 vix
770 3159 877 3253 supra
896 3158 1075 3232 bominem
1099 3160 1272 3249 valentes,

263 3305 380 3377 neque
414 3285 505 3357 adeo
537 3296 660 3355 natura
693 3284 952 3378 superbientes,
995 3284 1066 3354 imo
1096 3283 1279 3354 interdum

267 3407 399 3479 dociles
427 3409 611 3501 usquead
637 3407 958 3502 philosophandum
983 3406 1136 3499 (doceb,
1165 3403 1273 3502 olt);

266 3532 371 3604 modo
381 3533 694 3605 velutcommodos
707 3534 753 3603 ad
764 3531 1033 3603 ministrandum
1045 3530 1274 3624 puerosidem

266 3677 286 3727 e
304 3656 515 3750 postscaenio
535 3655 666 3744 emisit,
684 3655 746 3727 ubi
760 3654 807 3726 ud
823 3653 1102 3727 concludendam
1121 3653 1280 3727 fabulam.

303 3967 338 4039 (l)
357 3967 416 4022 Eos
430 3965 533 4023 merito
548 3963 701 4022 Hebraicis
713 3964 828 4020 vatibus
843 3963 955 4020 confert
968 3961 1156 4031 Welcberus,
1170 3962 1282 4020 driecb..

267 4067 450 4137 Gotteplelrra
461 4066 500 4134 Π,
512 4067 556 4125 87.
568 4063 881 4137 cf.nristcph.,1tan.,
895 4064 964 4121 1054
974 4081 1011 4129 s,
1022 4061 1276 4148 etLycurg.,1ldv.

267 4167 368 4231 beocr„
386 4167 445 4224 lot.
