3250 5120
689 561 829 621 η..

251 708 289 768 et
308 695 466 766 modestia
485 707 521 767 et
540 694 703 782 audacem
727 695 824 765 nulla
847 696 942 765 enim
962 697 998 765 in
1017 718 1061 767 en
1087 708 1183 770 certe
1202 701 1272 772 luit

254 822 380 892 barum
400 821 570 890 virtutum
589 820 681 890 inter
699 841 739 890 se
759 819 950 890 disoordia.
974 819 1090 902 Quum
1112 824 1269 916 antiqni-

255 956 362 1018 tatem
395 946 550 1038 ingenue
586 955 649 1016 ant
682 955 893 1039 sequeretur
918 955 979 1015 aut
1007 947 1110 1040 sequi
1141 949 1267 1035 vellet,

254 1082 359 1166 poeta
378 1069 515 1143 nullnm
534 1071 689 1166 prudens
700 1069 857 1142 «excessit
869 1069 904 1140 in
919 1070 1092 1165 religione
1109 1073 1267 1176 modum,

252 1210 291 1270 et
317 1198 361 1270 de
389 1198 444 1267 dis
466 1197 566 1290 plura
594 1218 675 1289 quae
700 1197 885 1268 temeraria
914 1209 1101 1289 putamus,
1130 1199 1271 1292 pietatis

252 1343 361 1394 eausa
380 1343 489 1394 ausus
506 1332 574 1394 est.
597 1363 644 1374 -
659 1320 813 1390 Primum
835 1321 1011 1414 quidquid
1034 1323 1079 1392 de
1102 1323 1157 1393 dis
1176 1324 1273 1398 dicti.

256 1447 390 1534 tabant,
409 1469 474 1516 aon
493 1446 601 1516 timide
616 1455 794 1516 scrutatus
808 1457 886 1532 est3
906 1457 943 1516 et
960 1449 990 1516 si
1009 1446 1096 1538 quid
1113 1447 1270 1520 deterius

252 1581 469 1662 decurreret,
491 1571 548 1641 vel
569 1571 674 1640 altius
694 1569 899 1640 meditando
914 1570 1107 1662 explicare,
1131 1572 1188 1643 vel
1205 1571 1270 1642 ali·

252 1718 325 1790 qna
349 1718 456 1767 eausa
482 1696 563 1766 licet
583 1717 764 1788 nunqnam
784 1704 890 1765 antea
913 1717 1079 1788 expressa
1098 1717 1271 1768 excusare

183 1843 185 1852 ’
256 1813 411 1911 solebat}
444 1830 626 1914 suspectas
662 1821 708 1890 de
738 1819 793 1890 dis
829 1820 995 1892 historias
1028 1821 1196 1913 carpebat
1228 1821 1270 1891 li·

197 1985 200 1989 ·
256 1945 340 2018 bere
358 1945 428 2043 (l);
449 1946 582 2038 ubique
602 1957 721 2016 autem
742 1946 890 2036 agendae
909 1946 960 2015 rei
982 1945 1038 2016 vel
1059 1945 1139 2015 rudi
1165 1954 1205 2015 ut
1223 1945 1270 2016 ita

257 2071 370 2140 dieam
390 2071 473 2142 moli
491 2071 668 2164 spiritum,
682 2092 787 2162 quem
799 2092 845 2142 ex
861 2070 984 2140 intima
1002 2080 1119 2140 mente
1129 2070 1271 2141 haurie-

255 2196 327 2280 bat,
348 2197 442 2266 intus
462 2197 636 2286 addebat,
653 2218 727 2289 quo
745 2196 861 2266 fabula
883 2196 969 2265 mire
982 2217 1023 2266 ae
1036 2217 1129 2267 nove
1146 2216 1270 2267 move-

254 2319 359 2390 batur
396 2317 488 2415 (2);
530 2321 586 2390 vel
627 2320 673 2390 ad
712 2319 897 2410 caliginem
940 2319 1270 2411 antiquissimorum

254 2453 452 2537 temporum
467 2456 501 2514 et
512 2446 659 2538 primam
671 2445 751 2516 caeli
765 2445 961 2516 novitatem
980 2444 1194 2538 respiciens,
1216 2464 1273 2514 ee·

252 2569 351 2662 qnod
367 2571 427 2662 jus
452 2570 584 2662 gentile
607 2582 673 2640 aut
698 2569 807 2642 civile
824 2569 918 2664 apnd
939 2569 1025 2640 deos
1047 2568 1125 2638 illos
1148 2578 1271 2638 natura

253 2694 483 2765 constitutum
496 2705 557 2765 aut
567 2704 699 2767 eventu
713 2695 857 2766 maximi
868 2694 1026 2766 omnium
1040 2692 1126 2763 belli
1141 2694 1270 2763 lactum

251 2830 361 2908 esset,
379 2819 466 2911 quid
489 2819 595 2888 etiam
616 2820 660 2891 iis
678 2840 758 2888 enm
783 2818 938 2888 humano
963 2837 1095 2908 genere
1121 2816 1271 2887 interce·

252 2941 368 3031 deret,
389 2963 552 3034 quaenam
573 2943 609 3012 in
629 2942 789 3015 moribus
808 2942 931 3034 regula
949 2953 985 3012 et
1005 2942 1160 3034 optanda
1179 2954 1272 3012 esset

254 3075 290 3137 et
316 3064 432 3138 edicta
459 3067 583 3138 luisset
596 3122 605 3158 ,
633 3067 832 3138 admirabili
852 3067 986 3154 studio,
1005 3066 1271 3137 admirabiliora

251 3191 358 3262 etiam
377 3192 525 3282 audacia
546 3192 762 3286 disputabat.
792 3192 865 3262 lmo
893 3214 1024 3263 numen
1044 3211 1201 3286 praesens
1219 3191 1271 3259 la-

257 3343 415 3414 vensqne
438 3322 560 3413 bonis,
585 3323 621 3392 in
640 3323 752 3393 malos
768 3323 945 3408 saeviens,
968 3322 1052 3391 dum
1073 3319 1269 3412 quaerebat,

256 3443 291 3514 in
307 3465 348 3515 ea
368 3446 444 3539 ipsa
465 3467 545 3538 qnae
566 3447 709 3517 videtur
723 3448 863 3518 fortuna
884 3445 1091 3516 inveniebat
1113 3441 1186 3537 (3);
1208 3463 1272 3513 nec

293 3781 329 3851 (l)
345 3783 475 3849 Eumae..
492 3781 540 3837 641
559 3788 590 3838 et
604 3800 629 3838 a.
645 3781 750 3838 lovem
766 3788 860 3838 tamen
879 3781 995 3838 attende
1013 3797 1072 3838 non
1093 3781 1128 3836 ab
1144 3781 1270 3837 homini-

255 3881 311 3936 bus
327 3882 380 3936 sed
395 3900 411 3936 a
426 3883 534 3954 priscis
548 3882 658 3939 deabus
673 3883 765 3954 argui.

292 3977 328 4052 (2)
344 3978 419 4034 Vide
434 3979 561 4047 Dronke,
578 3982 598 4037 1.
616 3981 647 4052 1.,
662 3999 693 4056 p.
709 3981 754 4038 20.

292 4076 330 4144 (3)
347 4076 381 4132 Id
400 4079 525 4134 latentes
544 4079 613 4134 lacit
632 4079 662 4134 in
685 4078 785 4135 Persis
808 4081 959 4145 nuntium,
983 4078 1051 4142 497;
1072 4079 1102 4134 in
1121 4076 1272 4148 Agamen-

257 4177 470 4245 aeneatorum,
487 4178 555 4244 369,
573 4185 602 4234 et
615 4179 779 4250 ldqistltum,
797 4176 877 4234 1577.
1150 4173 1152 4178 ’
