3250 5120
804 617 846 632 ..
866 581 905 644 20
925 615 965 628 -

430 723 563 793 Tiresiae
598 723 661 793 vix
696 741 826 793 nomen
858 719 1061 791 invenimus
1095 720 1244 814 ejusque
1278 741 1391 814 augu-

378 851 511 923 riorum
538 852 710 922 rationem
749 847 855 942 (Sept.
885 845 964 945 24).
994 851 1191 943 Amphiarai
1209 849 1246 921 in
1266 851 1391 922 aadorn

380 976 553 1067 tragoediu
588 975 728 1046 indoles
756 972 997 1063 describitur3
1026 995 1132 1067 quem
1159 986 1198 1045 ut
1220 985 1314 1062 arto,
1341 974 1392 1046 sic

379 1101 572 1195 prudentia
610 1121 652 1170 ac
692 1099 935 1170 moderatione
964 1108 1000 1169 et
1030 1098 1138 1169 animi
1169 1109 1204 1171 ct
1233 1099 1392 1171 incessus

380 1235 605 1320 praestantom
627 1223 706 1294 aliis
726 1222 892 1295 omnibus
913 1222 972 1294 vol
990 1222 1111 1294 bostos
1131 1223 1364 1295 admirantur.

428 1349 623 1421 Occurrunt
651 1348 793 1421 tandem
819 1347 918 1420 velut
938 1349 1102 1442 egregius
1124 1349 1391 1420 vaticinantium

381 1474 647 1562 triumviratus,
667 1474 814 1563 Darius,
830 1475 1042 1545 Prometheus
1064 1482 1099 1544 ct
1118 1474 1303 1545 Cassandro
1332 1474 1393 1567 qui

381 1598 417 1670 in
435 1600 547 1694 prima
563 1596 620 1694 (t)
638 1608 699 1668 aut
719 1599 755 1668 in
780 1599 937 1670 secunda
954 1596 1009 1694 (2)
1026 1598 1145 1670 tabula
1168 1599 1275 1670 totius
1296 1599 1393 1670 trilo-

381 1725 450 1819 giae
465 1746 639 1796 summam
659 1723 786 1816 grandi
801 1725 962 1796 oratione
979 1723 1170 1819 explicant.

797 1974 973 2040 DARIUS.

431 2213 495 2283 Hic
515 2212 656 2284 tandem
678 2221 846 2306 tanquam
872 2209 964 2283 valis
983 2210 1097 2306 passis
1116 2211 1287 2304 navigare
1315 2233 1396 2306 pos·

382 2358 520 2408 sumus.

431 2460 627 2553 Tetralogia
656 2461 758 2552 cujus
789 2462 932 2532 fuorunt
958 2463 1089 2548 Persa,
1118 2457 1260 2533 vatibus
1289 2483 1395 2555 quarn

383 2607 465 2683 quaa
493 2587 649 2658 maximo
676 2586 901 2682 abundabat,
923 2586 1091 2680 quoniam
1117 2598 1217 2659 vates
1244 2609 1337 2659 unns
1360 2588 1397 2658 in

383 2733 454 2784 una
480 2733 622 2805 quaqua
647 2711 845 2782 fabularum
866 2710 1121 2802 inducebatur,
1142 2713 1305 2801 Phineus,
1325 2714 1397 2782 Do·

382 2843 465 2927 rius,
484 2838 626 2910 Glaucus
641 2833 711 2932 (3),
729 2837 948 2907 Prometheus.
966 2835 1003 2908 ln
1021 2834 1141 2926 Dorio,
1157 2858 1263 2930 quem
1282 2836 1398 2909 solnm

384 2961 577 3050 babemus,
597 2961 809 3033 describitur
828 2962 1009 3055 egregium
1029 2961 1299 3034 vaticinantium
1319 2983 1397 3032 um·

384 3087 527 3158 brorum
547 3085 743 3179 exemplar,
763 3097 799 3157 et
816 3098 854 3156 ut
875 3087 920 3158 ab
940 3087 1074 3180 optimo
1090 3097 1235 3159 auotoro
1248 3084 1306 3183 (b)
1317 3088 1398 3179 jure

386 3209 519 3280 dictum
538 3220 605 3298 est,
623 3219 675 3282 tot
693 3210 916 3280 inducturum
935 3210 1094 3282 omniurn
1113 3232 1198 3300 una,
1215 3233 1297 3305 quas
1314 3232 1399 3284 vern
1521 3249 1530 3264 ·

385 3334 553 3427 loquatur
571 3345 606 3405 et
626 3334 806 3429 pauiispor
824 3333 1029 3406 reviviscat.

434 3459 619 3532 Persarum
629 3459 838 3552 tragoediam
848 3460 878 3531 si
887 3461 966 3554 quis
978 3459 1399 3536 brovidefinitionocom-

424 3728 461 3802 (t)
475 3727 637 3785 Cassandra
650 3746 685 3786 nc
698 3728 902 3786 Prometheus.
920 3729 1018 3802 Hujus
1032 3729 1137 3786 inbulae
1152 3729 1275 3795 deloco,
1292 3728 1331 3784 V.
1344 3729 1399 3785 Tb.

388 3824 426 3881 Η.
442 3825 557 3883 Martio.
573 3826 686 3884 Getoris
700 3827 829 3884 secunda
843 3827 959 3886 videtur
974 3849 982 3883 ι
997 3826 1182 3901 Bernhardy,
1197 3843 1226 3900 p.
1245 3826 1312 3897 276,
1329 3829 1401 3883 Aut·

389 3925 504 3993 modu).
964 3917 967 3926 ’
1037 3941 1040 3950 ’
1257 3933 1260 3942 ’

428 4022 462 4090 tt}
480 4022 598 4080 Darius.

427 4121 464 4190 (3)
480 4117 587 4177 Contra
601 4119 724 4178 Welkor
736 4138 782 4194 up.
798 4123 972 4194 Bernhardy,
987 4139 1017 4199 p.
1034 4121 1096 4181 287.

427 4217 466 4290 (4)
481 4217 581 4294 Patin,
595 4218 620 4286 Ι,
636 4219 699 4279 236.
