3250 5120
790 499 951 563 ...16-

362 659 433 730 que
456 638 711 711 moderatorem
736 657 777 709 ac
801 635 1003 724 dominum,
1026 640 1176 708 abumari
1205 640 1277 710 lade
1301 640 1380 712 sive

363 762 472 834 animi
488 785 553 836 seu
568 763 652 834 vitae
667 771 838 834 anteactae
855 764 1028 855 inteprcna
1052 763 1166 835 solum
1188 765 1380 836 sanctitate

366 899 402 960 et
416 888 554 981 justitia
573 897 751 976 ornatum,
774 908 892 980 neque
908 899 1027 959 ortum
1046 888 1092 959 ab
1112 889 1197 983 alio,
1212 888 1275 958 sed
1292 898 1382 958 cater-

364 1036 458 1100 uam,
474 995 592 1084 cetera
617 1014 853 1084 sustinentem
871 1011 1005 1100 omnia,
1022 1035 1055 1082 se
1073 1035 1141 1082 aaa
1159 1017 1291 1104 fretum.
1313 1011 1384 1083 Ad·

367 1137 537 1208 mirabilis
557 1138 696 1208 sanein
717 1136 860 1208 ethnico
881 1147 1027 1208 auctore
1051 1138 1245 1208 sentential
1267 1137 1383 1208 Grave
1458 1181 1461 1188 ·

365 1273 420 1333 est
430 1285 538 1355 quum
553 1263 598 1334 ad
614 1263 649 1332 id
665 1262 979 1333 demonstrandum
996 1263 1161 1354 locosque
1180 1262 1378 1333 laudandos

366 1398 511 1456 ventum
548 1388 614 1476 sit,
640 1387 760 1458 allerri
788 1397 925 1458 tantum
950 1397 1149 1458 truncatum
1176 1388 1319 1479 quidem
1350 1398 1386 1459 et

367 1509 1387 1608 maleattributumspuriumvefragmentum(3l5);inin·

369 1637 476 1727 tegris
493 1649 610 1709 autem
630 1637 771 1726 fabulis,
791 1637 1127 1731 locosduosqrribus
1137 1639 1314 1732 perlectus
1325 1636 1385 1707 ille

367 1760 502 1854 Jupiter
517 1763 647 1834 ibidem
667 1763 769 1856 plane
784 1773 819 1833 et
833 1763 974 1833 Saturni
990 1761 1271 1857 filiusetEpapbi
1287 1771 1387 1854 paler

369 1886 571 1957 nominatur
581 1885 735 1981 (Apum,
760 1886 848 1976 l603
868 1889 913 1957 cl.
933 1887 1001 1956 167
1020 1898 1055 1957 el
1074 1910 1121 1974 s.;
1144 1889 1265 1980 supp,
1287 1881 1383 1973 eam

369 2012 415 2083 cl.
444 2009 549 2108 535);
572 2012 726 2105 denique
741 2013 951 2083 contrariam
973 2013 1119 2084 omnino
1137 2033 1217 2082 esse
1232 2009 1315 2080 huic
1335 2009 1387 2080 in·

370 2138 611 2230 terpretationi
639 2137 838 2208 Promethei
862 2136 972 2207 vineti
1004 2136 1099 2206 illam
1130 2135 1308 2220 fabulam,
1337 2142 1388 2206 tot

369 2260 539 2333 librorum
554 2272 806 2356 tantorumque
821 2263 913 2333 inter
927 2262 1050 2352 doctos
1059 2261 1292 2332 certaminum
1302 2279 1387 2330 cau·

370 2411 466 2479 sam,
489 2391 525 2460 in
548 2412 638 2483 qua,
660 2393 914 2485 quodcumque
935 2391 970 2460 in
990 2391 1223 2482 sequentibus
1243 2389 1388 2479 adjunc-

371 2524 444 2586 tum
464 2515 530 2604 sit,
554 2525 764 2587 tamennon
788 2517 893 2587 modo
914 2527 1035 2586 natum
1063 2517 1168 2587 deum
1196 2514 1386 2602 habemus,

370 2640 434 2710 sed
454 2661 564 2732 regno
582 2652 621 2711 ut
638 2641 765 2736 Cyrum
782 2642 935 2734 aliquem
954 2642 1058 2735 paulo
1077 2650 1159 2711 ante
1179 2639 1329 2733 potitum
1348 2647 1382 2710 et

371 2786 391 2835 a
410 2789 528 2860 pugna
545 2778 737 2859 recentem,
751 2768 786 2838 in
803 2767 940 2857 hosteS,
955 2769 1026 2839 imo
1042 2768 1078 2837 in
1097 2777 1235 2837 veteres
1250 2765 1382 2836 amicos

371 2891 470 2982 regio
491 2913 589 2963 more
608 2893 638 2962 si
656 2893 743 2985 quid
759 2893 918 2964 abnuant
936 2893 1157 2965 saevientem.

420 3015 489 3086 Sed
513 3017 557 3087 ad
584 3017 814 3089 divinationem
842 3019 954 3112 ipsam
973 3018 1172 3091 veniamus.
1194 3015 1273 3086 Fuit
1293 3015 1326 3086 ei
1347 3015 1382 3083 in

372 3139 567 3234 AEscbyleis
596 3163 681 3213 sane
708 3142 836 3212 fabulis
867 3164 973 3235 quam
1010 3144 1045 3213 in
1075 3143 1147 3214 ullo
1176 3138 1383 3213 recentioris

372 3264 486 3334 aetatis
505 3265 661 3337 carmine
680 3267 778 3337 locus
799 3266 927 3358 aptior.
950 3265 1015 3336 Ubi
1038 3266 1074 3335 di
1095 3286 1218 3336 omnes
1237 3265 1385 3358 Jupiter·

372 3414 441 3485 que
461 3394 537 3486 ipse
563 3404 731 3487 tanquam
757 3394 793 3464 in
822 3394 1003 3465 domicilio
1024 3395 1176 3485 agebant
1202 3405 1238 3462 et
1263 3413 1381 3464 coram

371 3539 467 3611 saepe
493 3518 747 3612 loquebantur,
772 3540 917 3590 necesse
949 3517 1015 3587 luit
1037 3518 1118 3608 fider
1144 3529 1174 3587 cl
1207 3518 1384 3588 auctoritas

372 3665 499 3714 ramme
511 3644 834 3717 baberetureorum
849 3654 883 3715 et
896 3644 1063 3733 oraculis,
1081 3654 1117 3714 et
1133 3643 1384 3737 interpretibus

372 3789 522 3859 quorum
543 3792 590 3843 ex
608 3791 670 3842 ore
689 3769 844 3865 pendent
862 3791 986 3841 omnes
1010 3790 1120 3863 seque
1144 3769 1305 3862 praebent
1323 3788 1384 3837 au·

373 3891 625 3966 dienlissimos.
647 3893 740 3966 Nulli
770 3893 933 3989 prodigio
953 3894 1214 3967 concreditur.
1235 3892 1386 3985 Stupent

372 4017 484 4108 magis
509 4017 633 4110 Argivi
664 4040 768 4091 senes
805 4021 902 4116 quod
929 4019 1124 4091 Cassandra
1157 4019 1193 4087 in
1231 4038 1270 4088 se
1301 4017 1386 4088 furit

371 4139 531 4236 (Acuca,
564 4144 673 4236 1083)
701 4167 807 4238 quam
834 4145 931 4238 quod
966 4143 1138 4215 divinitus
1169 4141 1286 4214 alllata
1314 4152 1383 4214 est.
