3254 5112
790 596 969 657 -108-

358 733 434 826 prio
450 730 589 803 afflatus
606 752 738 803 omnes.
749 753 790 802 ea
811 743 909 826 parte
937 735 1173 826 superaverit.
1194 774 1241 788 —
1264 735 1361 804 Divi·

357 858 535 929 nationem
561 857 655 950 apud
674 856 818 928 Graecos
842 856 1039 949 exagitavit
1054 855 1254 951 Euripides,
1275 859 1366 929 invi·
1433 843 1435 845 ’

357 993 413 1054 tus
421 982 613 1078 Sophocles
630 981 745 1074 attigit
761 1001 961 1076 quanquam
974 1004 1044 1053 nou
1057 981 1168 1055 invita
1183 983 1364 1074 Minerva3

357 1132 494 1181 summa
519 1111 555 1182 vi
584 1110 771 1204 descripsit
800 1109 984 1204 AEscbylus
1014 1132 1055 1182 ac
1081 1109 1192 1192 veluti
1225 1110 1364 1182 firmum

240 1302 243 1311 Δ
358 1236 625 1306 fundamentum
655 1234 816 1330 plurimis
848 1235 983 1328 aptavit
1014 1235 1185 1327 triiogiis,
1211 1235 1365 1306 facibus·

357 1383 426 1454 que
445 1361 610 1433 omnibus
629 1361 797 1434 orationis
817 1361 987 1433 incendit.
1009 1360 1071 1432 Cui
1089 1362 1232 1456 quidem
1249 1371 1368 1455 poetae

358 1487 469 1558 defuit
489 1498 612 1557 neutra
636 1508 682 1558 ex
699 1486 756 1576 iis,
778 1507 867 1580 quas
887 1486 1057 1576 diximus,
1077 1487 1362 1574 conditionibus3

358 1612 489 1682 etenim
516 1634 624 1705 quum
658 1612 749 1684 inter
776 1633 856 1683 eum
887 1613 1128 1706 populumque
1156 1613 1202 1683 de
1229 1611 1364 1684 divina·

359 1737 453 1809 tione
484 1736 737 1826 conveniebat,
765 1744 838 1805 tum
869 1757 969 1808 mens
996 1736 1106 1830 ipsius
1143 1737 1179 1807 in
1217 1736 1364 1831 deornm

358 1862 505 1934 historia
523 1863 706 1935 habitabat
730 1884 880 1956 eamque
902 1863 939 1931 in
964 1863 1092 1934 saecula
1113 1861 1366 1966 distribuebat,

359 1989 431 2060 imo
465 2010 667 2082 processum
697 1987 886 2080 quemdam
916 1987 1048 2059 divinae
1080 1988 1207 2084 prolis,
1236 1988 1370 2060 divinae

359 2115 464 2184 etiam
490 2115 638 2206 justitiae
664 2136 771 2185 ausus
802 2125 855 2186 est
883 2115 1106 2207 excogitare3
1127 2115 1292 2207 gravitati
1327 2115 1363 2184 in

245 2255 248 2260 ’
360 2239 485 2309 eodem
505 2240 687 2311 sinceritas
706 2239 917 2329 addebatur,
934 2239 1052 2311 ardori
1073 2239 1242 2314 orationis
1260 2239 1367 2310 animi

361 2365 501 2458 pondus
527 2376 562 2436 et
587 2366 805 2451 constantia,
832 2365 1037 2437 certissimis
1061 2367 1146 2436 artis
1175 2365 1368 2437 rationibus

359 2491 513 2562 maxima
540 2491 671 2585 ubique
695 2492 842 2563 audacia
868 2501 903 2564 et
928 2492 1124 2585 saepissime
1149 2491 1211 2584 qni
1231 2491 1369 2562 diceba·

361 2624 418 2685 tur
439 2615 580 2703 Bacchi,
605 2637 710 2708 quem
732 2617 833 2707 cujus
850 2615 907 2687 dei
926 2615 1023 2688 voles
1042 2616 1159 2686 dicere
1179 2626 1254 2704 est,
1277 2615 1367 2685 divi·

360 2763 426 2811 nus
446 2751 541 2813 certe
560 2742 670 2814 furor.
694 2741 786 2834 Ergo
804 2742 901 2811 iiium
921 2742 998 2814 sine
1019 2741 1239 2812 dubitatione
1257 2739 1366 2810 habe·

360 2866 478 2936 bimus
497 2867 591 2960 apud
609 2868 749 2939 Graecos
766 2878 797 2937 et
819 2869 1057 2938 vaticinationis
1075 2877 1106 2936 et
1121 2867 1368 2938 vaticinantium

361 2993 565 3082 interpretem
584 2998 728 3062 unicum.

792 3197 929 3270 FINIS.

795 3507 798 3513 .
821 3457 888 3513 Vrn1
907 3476 941 3513 nc
958 3473 1074 3514 rnnnnur

502 3571 623 3626 Lutetiae
639 3569 830 3633 Parisiorum,
845 3569 875 3624 in
890 3569 1030 3636 Serbona,
1046 3588 1072 3625 a.
1090 3571 1118 3625 d.
1134 3569 1189 3638 ΠΙ,
1206 3570 1282 3628 Non.
1299 3570 1365 3625 mai.

777 3686 844 3724 ann.
860 3667 1122 3724 MDOGOLXXIX

508 3797 659 3850 Facultates
675 3797 836 3851 litterarum
850 3798 882 3849 tn
895 3795 1043 3850 Academia
1056 3793 1212 3850 Purisicust
1225 3797 1366 3858 decanus,

803 3894 843 3954 H.
871 3892 1072 3956 WALLON.

465 4079 551 4134 Turre
569 4095 726 4135 urrunnun.

360 4179 509 4234 Academia
523 4181 687 4233 Parisieaets
702 4181 811 4248 Rector,
