3250 5120
852 584 1012 645 ...42-

425 724 511 819 quid
547 721 713 817 praedixit
750 732 849 793 vates
887 721 965 793 sive
996 720 1093 794 lovis
1129 723 1319 816 prudentia
1358 727 1437 799 sive

424 849 497 920 lato
531 847 672 934 evenit,
704 856 739 917 et
776 845 892 917 occisa
930 845 1048 939 aquila
1084 848 1186 940 cujus
1216 860 1318 944 pastu
1348 851 1436 924 dila·

424 973 608 1061 niabatur‚
635 969 769 1042 catenis
796 970 876 1058 ille,
904 991 973 1042 non
1000 970 1214 1045 adversante
1242 973 1350 1065 love,
1378 997 1437 1050 so·

427 1102 522 1173 lutus
546 1110 620 1188 est,
643 1121 713 1171 non
752 1098 899 1169 dubium
927 1099 1013 1191 quin
1044 1102 1140 1192 quod
1175 1103 1310 1173 tamdiu
1341 1104 1435 1176 cela·

423 1226 497 1312 vit,
520 1224 631 1296 libere
651 1223 815 1312 tandem,
837 1223 1023 1311 retexerit,
1047 1224 1142 1296 unde
1160 1225 1259 1300 Joris
1287 1250 1434 1321 regnum

421 1351 458 1420 in
485 1359 658 1421 aeternum
687 1347 923 1436 stabiliretur,
947 1347 1038 1419 male
1056 1359 1150 1419 sarta
1166 1362 1269 1422 antea
1291 1351 1432 1446 utrique

420 1475 488 1546 deo
514 1473 626 1566 gratia
651 1469 787 1543 firmius
808 1471 938 1560 coiret,
962 1471 1208 1544 restitueretur
1232 1476 1320 1546 etin
1339 1477 1431 1549 coelo
1453 1465 1458 1474 ⁴

418 1600 509 1672 etin
537 1608 610 1670 toto
634 1597 720 1670 orbe
743 1599 810 1677 Διὸς
836 1597 977 1691 ἁρμονία.
1006 1596 1069 1668 llic
1089 1618 1175 1669 sane
1198 1599 1262 1670 luit
1281 1600 1431 1693 trilogiae

416 1723 498 1797 finis
536 1723 636 1795 initio
672 1720 980 1808 accommodatus,
1018 1721 1149 1815 deique
1186 1724 1429 1799 reconciliatio

415 1850 541 1922 crebro
561 1847 671 1920 lunali
693 1846 875 1939 sacrisque
901 1849 1080 1941 Προμηθέως
1106 1851 1255 1943 πυρφόροι)
1270 1849 1428 1921 celebra-

414 1975 534 2046 batur.

461 2098 554 2182 Quid
573 2095 685 2191 possit
699 2095 791 2166 inter
807 2094 970 2167 homines
989 2093 1058 2166 diri
1074 2096 1208 2168 oraculi
1225 2109 1340 2170 metus
1356 2099 1425 2171 rei-

411 2247 481 2318 que
505 2225 636 2316 ignotae
664 2219 853 2315 explicatio
882 2220 917 2290 in
945 2219 1119 2314 Sophocle
1145 2221 1334 2312 docemur;
1367 2223 1424 2296 hic

409 2350 501 2421 inter
520 2348 606 2419 deos
627 2346 868 2440 (nequeenim
888 2344 1073 2440 AEschylus
1094 2345 1252 2419 divinam
1268 2349 1424 2443 expallet

408 2472 608 2568 historiam)
626 2471 749 2542 eadem
769 2469 913 2562 fingitur
932 2480 967 2540 et
985 2470 1173 2542 discordiae
1197 2481 1232 2544 et
1258 2471 1420 2546 dolorum

406 2621 531 2690 causa3
550 2599 613 2670 sed
622 2596 888 2689 sobulcseruata
907 2596 1018 2667 forma
1033 2598 1177 2690 quidem
1195 2597 1330 2693 OEdipo
1342 2600 1421 2672 sim·

405 2703 558 2818 plici0r‚'
575 2723 681 2793 rebus
701 2721 830 2812 maj0r5
856 2721 1017 2814 personis
1039 2721 1201 2813 gravior,
1220 2723 1345 2794 mundi
1365 2745 1418 2796 re·

274 2883 279 2900 ·
404 2869 554 2941 rumque
572 2847 730 2919 omnium
745 2868 855 2940 quum
872 2844 1106 2917 humanarum
1125 2856 1199 2918 tum
1214 2847 1416 2920 divinarum

404 2973 562 3042 novitate
571 2970 716 3062 gratior,
730 2969 849 3041 nescio
865 2970 951 3062 quid
960 2970 1096 3062 grande
1115 2981 1150 3042 et
1162 2970 1271 3041 altum
1285 2971 1417 3066 ubique

401 3095 627 3187 servatquod
647 3095 772 3164 mirum
794 3103 965 3186 quantum
985 3095 1141 3166 humana
1158 3095 1262 3166 etiam
1284 3096 1415 3190 ubique

402 3219 642 3292 misericordia
651 3227 879 3311 temperetur.
895 3220 1083 3289 Prometheo
1094 3222 1249 3313 verolpsi
1258 3219 1415 3292 inestsu·

399 3345 554 3416 blimitas
572 3343 649 3414 sine
669 3341 780 3414 dubio
795 3343 874 3435 plus
893 3363 999 3434 quam
1015 3342 1190 3431 humana,
1208 3355 1326 3416 tamen
1344 3366 1414 3417 non

398 3470 544 3542 omnino
563 3467 703 3553 divina,
726 3466 873 3536 nimium
893 3465 988 3537 enim
1006 3467 1223 3539 commoveri
1248 3467 1410 3556 videtur,

397 3593 461 3664 sed
482 3593 599 3686 potins
628 3601 666 3661 ut
695 3589 899 3678 indicam,
920 3600 958 3659 ut
984 3589 1033 3660 uit
1057 3589 1133 3682 ipse
1152 3587 1278 3687 (llll),
1303 3619 1410 3686 κεκρα-

398 3721 490 3812 μένη,
507 3717 559 3786 ita
580 3724 619 3786 ut
637 3713 765 3787 ceteris
785 3715 929 3786 vatibus
954 3715 1080 3808 partim
1108 3717 1306 3808 comparari
1330 3685 1411 3808 pos-¹

394 3841 453 3928 sil,
480 3841 607 3934 partim
632 3842 678 3911 sil
704 3840 959 3933 segregandus.
988 3839 1111 3932 Liquet
1138 3839 1184 3911 de
1212 3861 1282 3931 qua
1311 3841 1409 3934 prius

396 3963 512 4034 dicam
532 3963 728 4056 differentia.
760 3963 897 4034 Etenim
931 3962 990 4034 ille
1010 3984 1081 4034 non
1107 3960 1214 4034 homo
1232 3962 1297 4033 sed
1317 3962 1409 4034 inter

394 4087 480 4159 deos
504 4088 592 4158 deus
618 4087 809 4161 inducitur.
837 4087 923 4157 lnde
954 4108 1024 4158 non
1048 4087 1081 4156 ei
1109 4107 1219 4178 grave
1248 4098 1286 4158 ut
1318 4088 1405 4157 mul·

393 4219 437 4289 tis
472 4217 696 4305 hominibus,
725 4182 788 4286 sed
818 4216 876 4286 vel
903 4237 982 4286 cum
1017 4214 1252 4287 amaritudine
1287 4217 1405 4310 aliqua
