3254 5112
658 548 816 636 -ee-

230 688 375 782 proprio
393 685 627 781 oidpio.quod
646 697 766 759 servat
787 687 822 761 iu
843 687 924 758 eliis
945 687 1072 768 subulis
1090 688 1248 770 Tiresias.

231 817 493 897 irio-oecesserit
504 815 575 913 (i).
590 817 666 888 Nou
682 815 822 902 senior„
830 816 903 894 sed«
910 838 990 887 aevo
1005 818 1155 909 obsitus,
1170 841 1243 898 uuo

14 935 15 940 ’
144 977 146 983 ,
227 964 381 1036 quoqpe.
400 943 511 1036 grudu
541 942 687 1030 titubut3
710 941 781 1013 imo
808 951 925 1016 mente
950 942 1055 1016 etium
1078 944 1238 1032 vuciiiat3

230 1091 356 1161 nempe
376 1068 431 1142 dis
452 1087 472 1137 e
493 1066 567 1138 suis
587 1065 738 1138 descivit
753 1077 791 1135 ut
810 1065 1046 1159 sophistarum
1064 1077 1239 1162 praeceptu

230 1194 422 1266 imbiberet·
437 1202 472 1264 et
492 1213 596 1265 uovae
616 1190 851 1298 philosophiae
878 1190 1005 1284 piacita
1031 1192 1237 1270 balbutiret.

230 1319 340 1394 Perua
356 1327 439 1394 sunt
455 1316 525 1388 otia
548 1337 629 1408 quue
646 1313 861 1409 reprehensa
878 1326 980 1404 suut3
995 1315 1069 1407 jem
1085 1317 1120 1387 in
1141 1317 1248 1392 Ptaet.

226 1447 323 1520 oure
342 1441 430 1539 (852
444 1440 495 1538 s.)
506 1440 698 1512 adverterit
713 1415 842 1534 uliquis
858 1439 988 1528 virum,
1004 1442 1063 1534 qui
1083 1452 1246 1538 tempore
1346 1489 1348 1494 -

229 1569 342 1658 novit,
353 1567 518 1644 eumdem
529 1576 686 1658 tempora
696 1564 828 1653 omniu,
839 1585 948 1657 quum
963 1563 1194 1644 Erechthides
1205 1577 1246 1640 et

225 1693 390 1786 Eumolpi
412 1691 544 1764 bellum
572 1701 795 1778 memoraret,
817 1691 1057 1783 perturbasse.
1083 1692 1146 1763 Hie
1168 1713 1239 1764 uon

229 1829 323 1890 erret
340 1829 474 1889 tautum
490 1816 605 1903 taus,
618 1817 682 1887 sed
698 1828 818 1887 contra
832 1837 973 1888 omnem
997 1817 1164 1910 temporis
1184 1839 1240 1894 ru·

229 1945 362 2024 tionem
375 1943 453 2014 siue
469 1941 579 2013 dubio
597 1941 673 2034 ipse
693 1929 859 2012 inductus
878 1952 950 2029 est3
968 1941 1027 2033 qui
1048 1942 1142 2014 euim
1163 1940 1246 2018 fieri

230 2068 382 2164 potuerit
394 2077 431 2138 ut
438 2069 510 2160 jum
523 2075 628 2138 aetate
641 2076 830 2159 provectus
843 2063 951 2160 (tre)
963 2075 998 2136 et
1017 2065 1241 2159 ipsigeneris

227 2194 362 2270 auetori
390 2191 520 2270 Cadmo
547 2213 691 2268 uoeevus
718 2199 811 2262 esset
846 2189 938 2260 idem
971 2201 1093 2280 vates,
1120 2213 1140 2262 a
1169 2213 1240 2284 quo

229 2319 385 2413 OEdipus
400 2317 596 2412 OEdipique
611 2313 674 2386 filii
690 2314 759 2387 ieta
771 2313 1003 2388 sue-docendi
1019 2316 1246 2388 essentiSedt

228 2466 298 2519 nou
318 2444 405 2516 tenti
425 2444 491 2515 fuit
506 2441 699 2536 quidquem
714 2438 912 2510 devutibus
931 2450 1028 2511 aute
1050 2449 1132 2510 vete
1152 2440 1245 2513 falso

228 2571 311 2643 diei.
329 2571 514 2643 Poetarum
527 2568 672 2661 quidem
687 2565 911 2660 superiorum
931 2566 1095 2658 exemplo
1112 2566 1245 2640 duetus

227 2716 356 2769 nomen
374 2693 559 2787 Euripides
576 2693 738 2762 incautus
755 2690 861 2781 elegit
882 2689 1031 2781 tempori
1051 2688 1182 2779 ouivis,
1200 2699 1246 2766 ut¹

227 2821 260 2891 ei
277 2819 478 2904 videbatur,
500 2827 635 2910 aptum.
650 2854 695 2876 -ψ
712 2815 750 2884 Iu
771 2812 1003 2906 exprimenda
1020 2833 1108 2884 vero
1125 2812 1247 2896 divinit

232 2942 353 3015 indoie
372 2942 485 3035 iisque
502 2938 679 3032 eligendis
695 2959 776 3031 quae
794 2936 954 3014 dicturus
973 2945 1064 3033 erut,
1082 2944 1153 3010 uod
1172 2958 1246 3010 mu·.

225 3067 290 3163 jor
302 3067 368 3137 fuit
387 3066 464 3157 ejus
481 3062 680 3155 diligentie.
700 3061 789 3132 Sunt
808 3061 874 3154 qui
889 3058 981 3132 meio
1001 3069 1098 3136 certa
1117 3059 1246 3144 Cadmi,

228 3191 376 3283 vestigia
394 3187 617 3260 defenderint
631 3183 697 3282 (2).
713 3185 780 3256 Pro
796 3184 928 3256 Tiresia
945 3182 1246 3263 iuduereharumr

226 3337 316 3411 praes
350 3335 454 3387 nemo
483 3313 525 3384 ui·
547 3311 649 3384 iuiior
676 3309 753 3384 fieri
784 3309 912 3381 voiuit.
938 3308 1079 3380 Scilicet
1109 3308 1146 3378 iu
1172 3306 1238 3391 huo

225 3441 362 3529 fabula,
384 3461 454 3533 que
481 3437 667 3533 Euripides
696 3435 908 3509 contrariam
935 3433 1052 3507 solitee
1071 3431 1166 3505 vium
1186 3439 1236 3512 toz

225 3567 303 3637 uuit
318 3561 394 3660 (3),
415 3571 533 3634 vatem
563 3561 660 3633 dicus
677 3560 804 3654 prioris
830 3558 966 3650 cuipee,
985 3556 1015 3627 si
1042 3575 1112 3648 que
1132 3554 1244 3648 culpo,

225 3693 303 3778 fuit,
323 3711 387 3786 pro
406 3687 571 3760 omuibus
591 3705 732 3781 poeuam
762 3683 919 3754 dedisse.
939 3680 1054 3765 Quam
1077 3689 1244 3758 mutatos·
1351 3755 1353 3760 ,

263 3923 298 3991 ti)
313 3920 421 3977 Contra
433 3916 559 3976 Lubuer.
576 3920 606 3971 et
620 3914 730 3988 Strobl·

262 4021 299 4088 (2)
324 4016 446 4083 Girard‚
468 4016 544 4074 Sept.
565 4015 663 4084 reliq„
679 4031 709 4086 p.
733 4011 798 4071 ddi.
813 4008 860 4072 of.
878 4011 939 4068 Rev.
962 4010 1006 4065 des
1022 4010 1233 4076 eme-Montes,

225 4118 258 4174 tt
273 4133 338 4172 uov.
355 4116 398 4182 78,
413 4133 443 4188 p.
459 4112 521 4172 did.

263 4216 296 4285 (3)
313 4213 419 4272 Contra
433 4212 554 4278 disard,
572 4213 665 4282 tirone,
681 4209 764 4281 ibid..
779 4225 808 4281 p.
823 4207 887 4269 3970
