3254 5112
800 541 962 604 ..66-

374 683 478 772 ratio,
504 683 600 776 quod
626 682 740 773 majus
761 679 929 750 initiunt
948 719 995 734 -
1017 680 1068 759 ne
1087 681 1200 752 torma
1224 681 1388 759 oraculo-

375 829 453 880 rum
484 816 519 880 ot
549 807 640 878 laxis
669 805 876 898 angustiare
911 804 1036 876 vinulis
1070 805 1201 898 quibus
1232 803 1391 881 hominis

375 932 573 1026 impediunt
584 931 796 1020 libertatern,
809 939 912 1002 antea
925 929 1000 1000 dixi
1010 926 1240 1025 (ott-tamt
1250 930 1390 1024 Sopho·

375 1063 420 1134 eli
439 1059 643 1156 AEsohylum
668 1059 887 1153 comparavi.
913 1056 1001 1142 Quae
1024 1079 1080 1130 res
1100 1057 1158 1129 bio
1179 1047 1273 1131 esset
1290 1079 1392 1152 repe·

376 1188 483 1262 tenda
502 1198 537 1258 et
552 1187 657 1256 latius
671 1184 898 1279 disputanda,
919 1184 955 1254 ni
966 1193 1070 1277 poeta
1088 1183 1167 1255 sine
1187 1184 1298 1255 dubio
1312 1205 1391 1255 earn

377 1335 447 1386 non
470 1313 557 1384 tanti
578 1312 754 1400 duxisset,
776 1311 863 1383 etin
882 1311 965 1382 talia
985 1309 1204 1381 inveniendo
1221 1310 1278 1382 vel
1297 1330 1394 1382 uom-

377 1438 542 1532 ponendo
561 1438 672 1510 multo
692 1436 804 1530 magis
820 1435 887 1507 arti
902 1416 977 1506 suae
996 1445 1032 1505 et
1047 1434 1245 1507 fabularum
1258 1432 1393 1507 actioni

377 1582 484 1655 quam
505 1561 566 1632 ulli
584 1561 772 1637 servandae
787 1561 958 1632 doctrinae
976 1561 1228 1632 consuluisset.

401 1684 646 1762 btvtmuono
670 1686 756 1757 item
774 1685 1019 1757 auctoritatem
1042 1706 1113 1757 non
1134 1684 1255 1776 negari
1276 1692 1395 1778 potest

378 1811 438 1884 hio
450 1811 569 1905 specie
587 1811 742 1899 servari,
769 1833 808 1881 re
828 1831 915 1882 voro
935 1810 1279 1901 maximampartem
1295 1827 1396 1880 ever·

379 1957 454 2010 sam
472 1958 550 2009 essa
568 1934 638 2031 (1).
667 1934 741 2007 lltsi
769 1935 917 2007 Jooastae
945 1955 1016 2012 non
1039 1934 1217 2007 oredimus
1237 1933 1354 2004 lutura
1372 1951 1395 2002 a

378 2060 438 2132 Dis
462 2061 650 2154 cognosci,
680 2058 886 2132 mortalibus
922 2057 1086 2130 omnibus
1119 2055 1273 2149 ignorari
1305 2053 1392 2152 (OE.

380 2186 440 2271 ll„
466 2183 539 2253 709
570 2194 605 2255 et
636 2181 710 2280 s),
737 2193 855 2254 tamen
878 2181 1108 2254 divinationis
1133 2203 1205 2254 non
1233 2180 1395 2252 eamdam

381 2331 463 2401 quae
477 2310 543 2380 luit
559 2309 595 2380 in
617 2309 793 2403 prioribus
813 2307 1037 2401 agnosoimus
1055 2318 1237 2396 naturam3
1261 2305 1326 2378 aad
1340 2326 1397 2376 ‘ax

382 2433 521 2505 duabus
548 2434 708 2529 partibus
735 2454 823 2528 quas
859 2433 896 2503 in
922 2453 964 2508 ea
990 2432 1074 2503 olim
1099 2431 1294 2518 videbant,
1326 2449 1400 2500 una

381 2566 517 2630 tantum
536 2579 643 2650 quarn
659 2556 884 2630 artificiosam
901 2556 1085 2645 dicebant,
1106 2566 1261 2642 tenetur,
1287 2556 1398 2625 attera

381 2683 552 2754 naturalis
572 2683 717 2754 omnino
737 2683 885 2754 tollitur.
909 2682 1021 2754 Furor
1045 2681 1154 2751 animi
1177 2702 1219 2751 ao
1242 2680 1402 2773 prudens

382 2807 440 2878 illa
469 2830 588 2880 rerum
617 2809 775 2905 insania,
805 2809 959 2901 denique
985 2806 1162 2902 quidquid
1192 2805 1270 2877 sine
1295 2805 1403 2897 signo

385 2935 494 3005 menti
514 2935 768 3006 immittebatur
787 2933 981 3024 divinitus,
1006 2932 1063 3003 bic
1086 2930 1328 3018 desideratum
1348 2938 1400 2998 ta·

383 3067 440 3128 oet
458 3079 499 3130 os
521 3059 609 3128 illud
627 3058 760 3154 (στόμα,
783 3059 824 3129 V.
843 3059 916 3129 OE.
940 3061 1000 3146 1t.,
1029 3055 1112 3130 luo.
1134 3058 1209 3128 ΟΕ.
1235 3056 1290 3149 0.,
1312 3051 1402 3128 603.

385 3184 484 3271 Ana,
504 3181 592 3278 997)
609 3182 706 3276 quod
725 3204 817 3253 unus
836 3183 925 3254 deus
942 3182 1125 3275 aperiebat
1143 3179 1405 3265 claudebatve;

386 3327 451 3378 nee
470 3307 543 3397 jam
569 3306 696 3378 ardent
722 3306 792 3378 illae
818 3306 913 3378 lanes
945 3306 1075 3399 quibus
1101 3305 1298 3376 orationem
1326 3323 1405 3374 non

385 3441 523 3526 poterat
548 3442 647 3504 ratas
673 3454 744 3504 non
768 3433 983 3520 incendere3
1009 3431 1134 3502 divino
1161 3430 1308 3502 numine
1341 3426 1401 3498 bio

254 3633 257 3640 A
386 3555 527 3629 afflatur
557 3578 628 3628 non
656 3567 774 3642 vates,
805 3555 870 3628 sed
897 3555 1054 3650 OEdipns
1085 3553 1258 3628 Coloneus
1289 3571 1402 3646 quum

386 3681 541 3776 sepulcri
559 3681 674 3753 locum
693 3681 883 3774 investigat
897 3678 1011 3775 (1155
1027 3701 1076 3770 s.,
1093 3678 1201 3768 1511,
1226 3673 1320 3748 toto
1333 3673 1399 3769 s).

387 3806 441 3878 Fit
457 3807 630 3880 divinatio
648 3829 704 3878 ars
722 3828 865 3900 prorsus
884 3807 1030 3876 humano
1047 3805 1149 3896 ouius
1162 3803 1345 3874 uertisunt
1364 3797 1403 3870 fi-

389 3952 467 4022 nes,
481 3942 576 4004 certa
589 3932 752 4027 materia,
764 3932 898 4003 scilicet
908 3932 1028 4003 avium
1040 3930 1180 4002 volatus
1192 3927 1406 4019 alarumque

430 4213 464 4282 tlt
482 4210 589 4268 Contra
603 4211 729 4278 Heuser,
745 4212 783 4268 lta
794 4226 873 4268 num.
889 4211 946 4267 dio.
962 4225 1009 4281 ap.
1024 4207 1120 4279 Sept„
1134 4223 1165 4282 p.
1182 4206 1228 4264 99.
