3254 5112
545 953 705 1046 INDEX
735 954 957 1046 CAPITUM

678 1226 832 1240 m

248 1469 332 1520 Index
344 1465 472 1518 librorum
485 1477 551 1528 quos
563 1463 671 1514 adhibui
676 1494 1187 1514 .................
1250 1471 1258 1505 1

248 1555 410 1607 Prooenium
412 1587 1188 1604 ..........................
1239 1567 1256 1600 ν

612 1696 728 1749 CAPUT
746 1696 897 1750 PRIMUM.

250 1819 405 1884 AEschylue.
433 1850 1193 1869 .........................
1248 1817 1258 1864 1

312 1907 325 1974 ξ
341 1908 362 1960 1.
378 1905 489 1968 -Quid
501 1907 535 1958 de
548 1907 711 1958 divinatione
722 1908 836 1958 senserit
846 1906 991 1970 AEschylus
996 1939 1193 1956 .......
1246 1905 1261 1952 5

312 1998 361 2062 32.
377 2026 407 2036 -
420 1995 474 2050 Cur
486 1999 618 2062 quomodo
629 2004 657 2049 et
669 1999 760 2061 quales
772 1998 933 2049 inducantur
935 2031 1194 2058 .........
1233 1995 1261 2045 19

373 2087 470 2140 Darius
471 2121 1191 2148 ........................
1228 2085 1260 2134 iu

374 2178 555 2239 Prometheus,
593 2212 1193 2229 ....................
1230 2175 1260 2225 33

375 2267 531 2320 Cassandra.
561 2303 1196 2320 .....................
1233 2267 1261 2316 15

525 2457 529 2470 f
590 2410 708 2463 CAPUT
723 2409 927 2462 SECUNDUM.

252 2533 394 2597 Sophocles
398 2566 797 2584 ..............
809 2599 811 2602 Ι
822 2568 1197 2583 .............
1234 2529 1263 2581 60

315 2619 490 2684 §in-Quid
504 2623 537 2674 de
548 2623 710 2675 divinatione
722 2621 865 2687 Sophocles
880 2623 1033 2686 protulerit.
1062 2657 1068 2670 .
1093 2659 1099 2670 .
1125 2659 1131 2669 .
1157 2658 1163 2670 .
1197 2620 1263 2669 ibid.

315 2711 367 2770 §2
380 2738 412 2750 -
425 2709 563 2772 Quomodo
575 2715 603 2760 ot
615 2713 706 2775 quales
714 2711 876 2762 inducantur
886 2744 1199 2767 ...........
1234 2707 1265 2756 69
1310 2739 1314 2751 ·

424 2803 473 2850 sub
485 2804 597 2852 moriem
608 2799 759 2851 vaticinans
773 2799 892 2864 OEdipue
904 2797 1033 2850 Coloneus
1041 2833 1200 2860 ......
1235 2796 1265 2846 79

427 2893 553 2952 vatesque
565 2890 610 2940 ille
624 2891 722 2940 unicus
737 2889 766 2938 in
782 2890 873 2954 OEdipo
888 2903 960 2952 reae,
978 2905 1004 2951 p.
1015 2886 1055 2944 73,
1070 2889 1136 2938 etin
1150 2887 1205 2939 An-

460 2979 546 3041 tiqom
559 2976 676 3028 Tiresias
679 3011 1200 3028 ..................
1235 2974 1265 3024 75

611 3115 728 3170 CAPUT
744 3117 913 3171 TERTIUM.

253 3233 409 3300 Euripides.
439 3268 1200 3288 .........................
1235 3232 1266 3285 79

317 3322 361 3389 fii.
377 3351 407 3360 -
423 3321 494 3385 Quid
506 3324 539 3374 de
551 3323 714 3376 divinatione
726 3325 805 3376 simul
817 3340 849 3377 ec
861 3326 903 3376 die
912 3325 1083 3390 popularibus
1094 3323 1206 3375 senserit

379 3411 521 3477 Euripides
523 3449 1015 3466 .................
1022 3433 1025 3440 ’
1036 3448 1169 3464 .....
1197 3412 1266 3464 ibid.

318 3500 368 3563 22.
382 3527 412 3537 -
429 3499 570 3563 Quomodo
588 3507 615 3554 et
634 3504 725 3566 qualos
749 3503 911 3556 inducentur
933 3507 1009 3555 vetes
1028 3503 1075 3554 aiii
1095 3503 1124 3552 in
1147 3503 1207 3552 aliis

457 3590 563 3651 rabulis,
597 3624 1203 3644 ....................
1238 3588 1268 3640 95

427 3677 473 3728 sed
485 3679 621 3743 praecipue
633 3679 661 3728 in
676 3666 832 3741 Pirenidas,
850 3695 880 3744 p.
900 3679 940 3742 97,
959 3686 984 3730 et
999 3681 1027 3730 in
1042 3679 1205 3731 11911113Τί-

460 3771 545 3822 resias
603 3807 1203 3826 ....................
1237 3770 1269 3824 98

427 3862 457 3911 in
472 3810 789 3925 nominecondita,
820 3897 1202 3915 ..............
1223 3861 1266 3914 101

255 3946 479 4002 Conclueiuncuin
483 3983 1202 4004 ........................
1224 3951 1268 4001 105

690 4159 849 4170 -ι-ι--ι-ι
