3254 5112
759 535 920 598 ..86-

327 681 387 754 rei
406 680 451 752 ad
468 677 629 751 difficiles
648 674 762 748 nodos
785 673 1049 768 expediendum
1068 675 1113 747 iis
1139 697 1229 772 opus
1248 689 1341 765 erat,

330 828 396 880 nec
418 805 526 901 paulo
544 803 657 896 magis
682 799 875 876 aestimavit
894 809 1000 894 quern
1016 795 1177 896 speciosa
1195 806 1344 898 poeticas

324 934 414 1005 artis
433 930 643 1027 crepundia.

375 1056 589 1149 Rogabimur
605 1051 712 1124 eredo
731 1070 878 1144 ecquem
898 1047 1042 1121 finxerit
1067 1051 1259 1146 aliquando
1278 1065 1341 1125 aut

324 1179 593 1254 adumbraverit
609 1177 816 1249 encelsiorcm
834 1173 941 1246 deum.
960 1174 1024 1246 Hic
1040 1197 1128 1248 vero
1142 1178 1342 1250 cavendum

327 1327 372 1378 ne
402 1313 524 1378 contra
553 1302 605 1374 rei
631 1301 745 1396 ipsius
765 1309 926 1371 naturam
954 1298 1109 1394 implexa
1137 1300 1279 1376 solvere
1306 1303 1358 1376 et'

325 1431 479 1504 obscura
511 1426 669 1524 pandere
695 1425 870 1514 velimus,
900 1445 992 1497 neve
1019 1424 1123 1496 nimis
1148 1426 1270 1521 inique
1297 1427 1342 1500 de

326 1553 502 1650 Euripidis
531 1551 730 1646 aequalibus
753 1549 978 1642 judicemus,
1005 1559 1067 1621 aut
1099 1570 1217 1622 acrem
1243 1549 1341 1620 illum

324 1677 584 1774 superstitionis
619 1675 863 1748 adversarium
902 1674 1071 1746 iaciamus
1108 1696 1211 1769 paene
1247 1674 1340 1746 divi·

325 1804 443 1876 nando
476 1802 566 1873 ultra
599 1801 743 1872 humani
770 1800 903 1894 ingenii
932 1799 1026 1872 uires
1056 1800 1161 1893 longe
1197 1821 1339 1894 proces·

323 1929 425 2002 sisse.
445 1928 546 1998 iilum
565 1925 722 1999 concedo
742 1946 834 1998 nova
859 1935 1022 2020 tempora
1048 1925 1279 2020 praesensisse
1304 1937 1340 1997 et
1430 1925 1432 1929 ’

325 2053 420 2126 aetati
440 2073 516 2124 suae
536 2059 654 2122 mente
673 2049 922 2144 praecurrisse3
944 2049 1062 2122 sedin
1082 2049 1244 2124 hocloco
1265 2050 1339 2144 pla·

255 2267 260 2271 ,
320 2191 379 2251 cet
402 2177 615 2268 conjecturae
641 2173 718 2244 dari
744 2195 850 2269 quam
876 2173 1060 2245 minimum
1088 2173 1158 2270 (1).
1183 2174 1224 2244 Di
1244 2195 1340 2270 saepe

321 2307 514 2395 quicumque
526 2305 590 2370 sint
601 2299 646 2370 ab
660 2297 828 2392 Euripide
848 2298 1082 2390 invocantur3
1098 2299 1222 2389 Orant„
1246 2297 1314 2370 118
1329 2325 1337 2370 :

322 2435 410 2507 Θεοῖς
426 2429 445 2496 ὅ
464 2453 498 2496 τι
515 2425 666 2494 ποτέἰσὶν
686 2427 715 2493 οἱ
741 2424 815 2493 θεοί.
841 2423 985 2513 Troad.,
1008 2423 1079 2494 885
1099 2449 1108 2494 ε
1130 2429 1215 2504 ὅστις
1238 2419 1341 2494 ποτέἷ

321 2555 356 2621 σύ
454 2552 536 2629 Ζεύς.
571 2549 671 2618 Herc.
700 2550 785 2638 sur„
813 2545 907 2620 ⁴263
937 2574 946 2616 t
974 2551 1044 2629 Ζεὺς
1070 2542 1189 2629 δ’ὅστις
1215 2556 1231 2617 ὁ
1256 2553 1336 2631 Ζεύς.

319 2673 457 2764 Bacch„
477 2672 549 2742 895
567 2697 575 2742 :
595 2677 657 2742 ὅτι
675 2677 748 2743 ποτ’
769 2671 827 2768 ἄρα
840 2675 878 2742 τὸ
897 2666 1070 2769 δαιμόνιον.
1093 2673 1174 2766 Frg.
1195 2674 1337 2762 Melan„

321 2795 391 2868 183
411 2822 420 2868 :
440 2800 510 2879 Ζεὺς
528 2802 613 2879 ὅστις
630 2805 647 2868 ὁ
666 2802 748 2877 Ζεύς.
771 2796 850 2889 Frg.
873 2795 943 2868 inc.
968 2795 1061 2891 sab„
1084 2797 1176 2887 967,
1196 2795 1220 2870 2
1241 2823 1249 2870 2
1270 2800 1339 2878 Ζεὺς

318 2921 366 2993 εἴτ
384 2915 479 3002 nisse
501 2917 722 3018 ὀνομαζόμενος
739 2924 886 3018 στέργεις.
907 2921 977 2992 Sed
1002 2921 1163 2994 eamdem
1189 2922 1337 2994 formam

319 3045 461 3118 dicendi
475 3045 571 3139 apud
589 3045 793 3140 AEschyium
807 3047 1024 3119 invenimus.
1036 3047 1173 3120 Numen
1188 3049 1337 3120 [ortusse

313 3170 376 3243 dei
388 3170 508 3242 animo
522 3169 691 3262 gustarit,
709 3190 815 3262 quem
830 3169 898 3240 sibi
914 3167 1072 3263 fingebat
1088 3193 1214 3262 uuum,
1229 3181 1332 3244 aeter·

318 3315 416 3383 num,
431 3293 619 3389 prudentia
629 3290 687 3391 (2)
699 3314 802 3387 aeque
813 3314 855 3365 ac
862 3294 998 3386 justitia
1010 3292 1066 3392 (3)
1081 3297 1330 3388 excellentem,

350 3605 386 3703 (1)
406 3621 492 3689 Cerei
508 3635 631 3691 nimium
645 3634 827 3706 argumentis
842 3634 979 3707 preclara
992 3622 1041 3691 ills¹
1052 3633 1258 3693 Waickenaeri
1272 3637 1332 3708 opi·

315 3731 375 3788 uio.
392 3729 431 3787 V.
449 3731 588 3800 Diatribe‚
604 3750 632 3805 p.
651 3733 695 3790 36.
711 3759 747 3775 -
761 3731 806 3789 De
820 3733 894 3790 locis
908 3733 1016 3806 quibus
1034 3740 1119 3807 poeta
1136 3733 1173 3789 ad
1187 3733 1331 3808 Orphiecs

313 3826 435 3900 respicit
449 3827 515 3883 vide
529 3828 644 3898 (disard,
660 3832 720 3888 Rev.
731 3828 942 3903 Daue-Mandas,
960 3831 994 3888 15
1009 3847 1076 3888 nov.
1092 3829 1136 3902 78,
1151 3848 1180 3904 p.
1198 3830 1260 3888 402.

353 3926 387 3995 111
405 3923 663 4000 Wyttembachius
676 3927 825 4002 Euripidis
840 3935 942 3986 censet
956 3929 1036 3986 hune
1045 3945 1162 3986 versum
1173 3928 1229 4002 ing.
1245 3945 1332 3987 anon.

313 4017 405 4100 trag..
421 4045 468 4101 gr.
486 4029 549 4086 iii.
563 4024 708 4103 Wagner,
723 4048 754 4104 p.
771 4031 823 4090 171
841 4041 884 4092 τῶ
902 4043 950 4094 Ζεῦ
970 4041 1006 4102 τίς
1026 4042 1091 4095 εἶναί
1110 4059 1168 4108 φησι
1183 4045 1231 4095 σοῦ
1246 4043 1331 4108 σοφώ·
1417 4045 1419 4049 “

307 4143 394 4195 Ιτερος.
1244 4151 1255 4175 ·

349 4214 391 4287 (³)
409 4214 521 4284 Troad„
536 4215 598 4284 888,
614 4226 680 4276 κατὰ
692 4225 762 4286 δίκην
776 4227 809 4278 τὰ
820 4225 963 4293 θνήτ’ᾱγικ.
