3250 5120
700 615 740 628 ..
762 581 801 646 29
820 613 862 630 ..

272 714 492 808 et‘religione
506 715 606 809 plura
617 725 793 787 scrutatus
804 727 860 788 est
875 728 910 789 et
923 717 1068 790 meliora
1082 719 1281 812 judicavit;

271 839 330 911 illa
347 840 569 914 autamadeo
586 841 808 934 praestantior
829 851 884 913 est
903 843 1068 913 omnihus
1088 842 1167 914 haec
1193 842 1288 914 vati-

271 964 415 1052 cinctio,
431 964 785 1058 nusquam-oratione
797 966 939 1056 gravior
952 975 988 1036 et
1001 965 1181 1059 pulchrior
1194 963 1285 1061 (als

271 1097 308 1160 et
325 1087 376 1182 s.)
402 1107 642 1182 quamquam
663 1087 829 1161 humanae
848 1089 934 1162 ritae
952 1111 994 1162 ac
1013 1100 1150 1164 nature
1170 1091 1289 1163 maxi·-

273 1231 348 1284 mas
373 1212 471 1305 leges
490 1213 671 1307 explanat.

319 1335 389 1408 Sed
414 1357 485 1408 non
509 1337 705 1408 omittenda
729 1359 806 1429 poce
823 1337 880 1410 vel
906 1339 942 1408 in
970 1337 1109 1434 aliquot
1127 1337 1214 1411 locis
1230 1337 1290 1414 vel

270 1459 308 1531 in
326 1459 463 1531 ratione
479 1459 586 1532 totius
602 1481 730 1534 scaenae
744 1472 820 1532 sont
844 1463 1049 1556 reprehenso.
1067 1461 1288 1536 -Primum

268 1584 413 1678 quidem
438 1585 534 1658 illam
552 1607 693 1658 omnem
712 1586 881 1658 dixerunt
903 1585 961 1684 (l)
981 1588 1070 1661 mire
1090 1589 1133 1659 ab
1152 1589 1289 1664 throco

269 1709 429 1802 deflectere
436 1741 452 1796 ,-
479 1711 613 1783 crimen
645 1710 703 1782 hic
737 1710 869 1782 inferro
895 1711 1040 1782 Darium
1064 1733 1136 1806 qno
1163 1731 1287 1788 carere

270 1835 345 1928 ipse
365 1845 537 1928 nequeat3
561 1857 690 1930 nempe
710 1836 825 1931 ipsum
844 1857 940 1907 arma
959 1838 995 1907 in
1014 1837 1191 1935 Graeciam,
1209 1859 1285 1913 mo·

271 1959 388 2050 visse,
409 1940 685 2054 Graecorumque
702 1961 859 2033 animum
884 1962 1090 2034 Marathone
1113 1963 1284 2038 tentando
1315 1990 1318 1994 ·

267 2093 355 2178 quot
374 2084 516 2156 animas·
530 2085 682 2156 militum
696 2086 889 2180 projecisse
903 2096 945 2157 nt
955 2087 1134 2181 superbiae
1148 2108 1189 2158 ao
1204 2087 1284 2158 lihi-

268 2207 345 2280 dini
360 2230 436 2281 suae
446 2209 655 2300 inserviret3
670 2211 785 2304 ipsum
802 2210 1001 2303 pedestrem
1010 2211 1208 2284 exercitum
1219 2222 1284 2283 tra·

266 2333 414 2404 duxisse
432 2333 672 2435 Bosphorum
689 2356 761 2428 quo
782 2335 926 2406 tandem
950 2357 1013 2410 ore
1041 2335 1155 2408 filium
1171 2336 1285 2408 imita·

213 2477 215 2480 ·
266 2465 399 2547 torem,
425 2457 497 2530 imo
513 2458 670 2532 ultorem
683 2459 739 2531 sni
760 2469 857 2532 tanta
876 2461 1067 2533 severitate
1095 2462 1284 2554 objurgati
1321 2465 1323 2469 ’

268 2619 315 2637 -
329 2582 456 2674 Subiit,
471 2593 512 2654 ut
526 2583 612 2654 mihi
630 2584 793 2674 videtur,
813 2607 885 2657 non
906 2585 1113 2679 imprudens
1133 2584 1283 2681 AEsohy·

265 2705 320 2778 lus
331 2707 642 2802 reprehensionem
655 2729 760 2802 quam
781 2729 851 2780 non
865 2709 1055 2803 providere
1069 2730 1140 2780 nou
1151 2708 1280 2803 potnit,

264 2849 382 2925 ecque
401 2831 655 2904 Marathoniam
680 2832 816 2904 cladem
846 2833 977 2904 oblitus
1002 2842 1056 2904 est
1075 2854 1184 2927 quam
1204 2834 1281 2929 ipse

261 2951 368 3054 (atr)
381 2958 690 3047 commemoravit;
706 2958 770 3028 sed
782 2958 1003 3050 postmultcs
1022 2978 1152 3047 annos,
1171 2979 1281 3052 quum

264 3076 335 3175 non
347 3103 413 3154 rex
429 3082 494 3153 sed
513 3081 638 3152 umbra
658 3082 754 3174 regis
774 3081 922 3170 diceret,
946 3082 1092 3153 Darium
1113 3081 1282 3154 inducere

262 3205 331 3276 sihi
349 3206 458 3278 licere
475 3207 614 3300 putavit
631 3227 718 3279 vcro
739 3207 1008 3300 prudentiorem
1028 3228 1069 3278 ac
1090 3216 1185 3279 certe
1204 3226 1282 3279 om·

262 3331 348 3402 nino
366 3329 429 3400 filii
449 3330 739 3417 dissimillimum,
758 3332 818 3424 qui
844 3332 1017 3425 querendi
1040 3342 1075 3402 et
1091 3328 1279 3402 incusandi

263 3454 508 3546 praescriberet
539 3456 708 3544 modum,
733 3465 767 3526 et
795 3453 958 3527 Atossam
989 3455 1185 3547 Persaeque
1219 3453 1280 3525 uel

263 3578 379 3670 potins
396 3589 625 3671 spectatores,
649 3581 745 3673 quod
764 3601 856 3680 unns
879 3580 993 3673 potuit
1013 3578 1146 3672 quique
1166 3599 1275 3651 verus

262 3701 330 3772 init
347 3702 532 3796 tragoediae
563 3701 666 3793 finis,
698 3705 908 3776 admoneret
934 3704 992 3775 hic
1017 3704 1145 3776 abesse
1168 3724 1276 3797 quam

301 4012 336 4084 (l)
351 4005 478 4082 Teuffel,
494 4017 526 4071 c'n
543 4015 687 4080 Editionc,
705 4031 734 4086 p.
750 4012 793 4071 32.
809 4010 916 4070 Contra
930 4011 1065 4088 Herwig‚
1079 4015 1278 4074 athech-rett-

259 4113 354 4184 ot‘ese,
369 4119 437 4180 ete,
453 4132 483 4187 p.
500 4116 526 4172 7.
543 4115 638 4170 Locos
648 4131 751 4170 omnes
764 4115 846 4172 affert
859 4115 990 4188 AEsohyli
1000 4121 1030 4172 et
1042 4115 1182 4172 Herodoti
1198 4113 1279 4170 Hoff-

261 4227 364 4278 mann,
380 4213 538 4284 Pht'lolcpttc
551 4211 622 4278 XV,
639 4230 668 4286 p.
683 4212 738 4271 256
752 4229 781 4270 ε.
