3254 5112
679 550 720 604 ...‘
740 553 778 619 53
799 587 837 600 -

252 699 303 772 cf.
325 718 406 792 quae
425 696 473 767 de
489 691 705 766 istiusmodi
724 691 810 764 lucis
829 690 1014 765 adnotavit
1026 693 1091 766 Th.
1109 693 1152 766 ii.
1170 693 1271 766 Mar-

253 829 304 902 tin
331 824 574 912 Prometheum
592 845 627 917 p.
654 820 702 894 23
729 831 762 893 et
793 819 870 918 24).
895 822 1055 916 Denique
1085 825 1121 896 di
1155 825 1269 918 aliqui

253 953 469 1025 inducuntur
489 946 771 1040 inteclluripidis
791 946 878 1019 deos
898 968 945 1018 ex
962 947 1124 1020 machina
1143 948 1269 1021 etflo-¹

254 1076 417 1148 maricam
434 1073 645 1165 religionem·
665 1070 787 1158 medii,
803 1071 866 1142 sed
890 1071 1044 1144 Homero
1062 1077 1259 1166 propiores,

253 1201 290 1272 in
318 1199 512 1278 Philocteta
538 1195 730 1283 Herculea,
758 1193 918 1268 Minerva
952 1197 988 1266 in
1023 1195 1143 1289 Ajaee.
1170 1197 1275 1282 Quos·

254 1325 397 1420 quidem
422 1322 516 1394 elicit
540 1319 689 1415 Olympo
717 1341 788 1408 non
813 1321 910 1415 quod
940 1320 1102 1392 malimus
1136 1330 1267 1414 magna

254 1471 372 1520 rerum
396 1447 628 1518 humanarum
649 1446 850 1534 contentio,
873 1465 943 1516 non
964 1446 1060 1538 quod
1084 1448 1176 1518 solet
1195 1447 1265 1519 uus

255 1575 387 1669 ripides
410 1572 544 1643 humile
563 1571 742 1665 quoddam
758 1569 939 1655 efficium,
961 1571 1026 1642 aad
1044 1572 1119 1643 sola
1139 1545 1269 1644 verum

255 1700 439 1772 manifesta
467 1696 658 1770 necessitas
684 1709 722 1767 ut
749 1697 794 1767 sit
819 1697 902 1768 huic
927 1697 1056 1769 iabulae
1081 1696 1184 1785 linia,
1214 1699 1266 1768 illi

256 1821 1264 1916 exordiumriliajamsophistarumdialecticamsonant.

255 1949 400 2023 Miratur
414 1949 543 2020 cherua
555 1947 706 2042 jussisse
720 1948 899 2020 Phoebum·
909 1959 947 2020 ut
961 1949 1006 2021 de
1022 1949 1095 2020 Laii
1112 1950 1276 2026 occisore·

255 2086 476 2170 quaereretur
514 2096 622 2169 quem
657 2073 734 2168 ipae
772 2075 956 2147 nominare
998 2085 1119 2168 posset
1155 2073 1266 2170 (oud.

255 2202 315 2288 lt,
334 2199 441 2292 279);
454 2197 541 2270 Creo
557 2208 676 2270 autem
692 2208 796 2291 negat
811 2199 866 2270 dis
882 2202 977 2270 curae
988 2201 1067 2271 aeae
1081 2200 1140 2271 vel
1156 2200 1270 2271 rebel·

255 2324 386 2395 lautam
405 2323 559 2417 puellam
579 2324 637 2396 vel
657 2345 785 2418 corpus
804 2323 916 2396 hostis
939 2323 1125 2418 parricida
1144 2324 1266 2416 (Aut,

255 2445 329 2523 282
348 2447 416 2544 a),
439 2470 572 2542 eoaque
590 2447 751 2519 defendit
774 2448 1011 2540 apellatione
1025 2470 1106 2542 quaa
1126 2448 1274 2519 timetur·
1345 2494 1350 2505 ·

256 2571 441 2664 atqnesibi
451 2571 646 2659 incusatur,
661 2571 807 2642 omnino
823 2580 917 2643 tutes
929 2593 1007 2642 esse
1017 2567 1130 2665 (Ant,
1145 2566 1274 2659 4044)..

257 2700 379 2792 Neque
410 2701 599 2793 impietatis
622 2700 755 2770 crimen
778 2720 883 2770 omne
911 2700 1089 2790 absterget
1112 2698 1274 2770 Creontisxv

257 2845 375 2918 poena.
398 2824 484 2895 Nam
504 2811 610 2895 etiam
630 2823 665 2892 in
681 2823 839 2894 Voltaric
854 2825 972 2915 specie
989 2823 1185 2915 puniuntur
1204 2822 1269 2893 ali·

258 2946 344 3044 quot
358 2970 540 3043 persunae3
563 2969 602 3018 re
617 2968 739 3019 eurum
758 2948 868 3018 verba
883 2969 1006 3019 omnes
1022 2948 1187 3020 marimo⁴
1198 2948 1270 3019 cla·

258 3094 356 3146 mere
373 3073 585 3158 audiebant,
608 3053 835 3158 ediscebant;
856 3072 1077 3144 dictitabant.

305 3199 375 3272 lata
395 3210 511 3270 tamen
530 3199 656 3270 ceteris
674 3209 757 3269 sunt
769 3197 948 3292 pauciora.
961 3198 1052 3270 Deus
1070 3220 1187 3292 neque
1205 3219 1269 3268 ax-

257 3345 381 3396 uueare
404 3327 495 3398 solet
517 3345 635 3419 neque
656 3345 806 3416 arguere
836 3323 1050 3418 Sophocles,
1078 3324 1142 3394 sed
1167 3323 1275 3412 colit3.

257 3453 310 3519 nat
342 3450 399 3545 γὰρ
436 3449 478 3530 εἲς
507 3451 543 3526 ἦν
580 3461 642 3522 τῶν
676 3447 921 3520 θεοσιὸεστάτων
960 3447 1101 3542 (Schol.
1140 3448 1244 3518 Laur.
1257 3499 1273 3536 ,.

256 3573 375 3658 Ebot,
390 3573 489 3669 83l).
503 3573 628 3645 Nativa
644 3575 721 3664 ejus
736 3573 863 3644 lenitas
880 3592 1021 3642 omnem
1039 3571 1266 3664 asperitatem

257 3717 298 3766 ac
322 3697 476 3766 maxime
502 3696 713 3766 criminandi
741 3696 969 3767 acerbitatem
991 3695 1275 3785 reformidabat3.

256 3821 343 3893 vitae
373 3819 557 3915 aequalitas
596 3841 642 3892 au·
669 3819 785 3896 ,veluti
822 3819 1040 3892 concinnitas
1074 3819 1120 3890 ad
1157 3829 1269 3892 artem

258 3946 549 4035 transferebatur,
572 3956 607 4015 et
626 3944 759 4046 ingenii
777 3943 879 4038 quies
902 3965 947 4016 ac
968 3944 1096 4016 mentis
1121 3945 1278 4044 felicitae-

258 4081 298 4141 nt
310 4071 356 4142 in
370 4073 471 4161 aliae,
490 4071 542 4142 sic
562 4071 601 4142 in
616 4071 707 4142 lnanc
728 4070 847 4166 operis
862 4082 997 4164 partem
1022 4071 1120 4164 larga
1139 4069 1269 4144 radun

257 4193 370 4267 davit.
392 4197 492 4268 Cavit
516 4197 579 4270 ille
606 4219 651 4270 ne
676 4195 714 4268 in
740 4217 903 4289 campum
932 4197 1077 4290 plenum
1101 4193 1274 4288 periculis«
