3250 5120
755 471 914 534 -Ῑᾷ-

328 637 399 710 que
417 615 511 685 idem
536 633 615 684 esec
629 630 777 698 nornen,
807 608 879 680 rim
899 618 1019 679 autem
1046 610 1191 683 omnino
1212 611 1338 704 alinm3

330 742 402 812 imo
422 737 625 834 AEschylum
649 743 820 829 quantum
843 733 957 826 potuit
976 733 1065 825 iata,
1082 733 1223 830 justitia
1242 737 1340 809 velut

330 863 430 936 firma
449 860 672 934 auxiliatrice
689 858 868 950 adjuncta,
888 859 1044 929 enodare
1062 861 1212 953 (Apate,
1230 861 1290 949 68,
1313 867 1342 942 ἐς

329 993 369 1058 τὸ
385 989 592 1083 πεπρωμένον.
605 1025 650 1038 -
667 983 825 1076 Choeplt„
841 979 927 1072 644,
943 977 1058 1064 δίκας
1071 977 1252 1080 δ’ἐροίδαται
1265 989 1341 1056 πυθ-

332 1117 390 1206 μὴν
409 1140 417 1156 ·
433 1113 690 1207 προχαλκεύει
707 1103 819 1177 luico
832 1107 1082 1205 φασγανουργός),
1093 1119 1128 1180 ol
1139 1105 1234 1178 Δῖοαν
1252 1091 1345 1190 Δίκης

330 1236 525 1306 ministram
546 1244 582 1307 et
596 1234 745 1305 telorum
763 1230 932 1303 artificem
946 1233 1142 1305 nominare.
1156 1235 1342 1306 —Vereor

331 1347 449 1432 emen
468 1380 514 1431 ne
532 1358 693 1452 speciosa
718 1358 829 1449 magis
849 1378 955 1450 quam
978 1377 1064 1429 vera
1085 1358 1341 1430 recentioribus

331 1485 507 1580 placeant,
524 1505 633 1578 quum
651 1492 782 1554 certam
802 1482 847 1553 de
863 1503 900 1553 re
915 1482 1110 1553 doctrinam
1128 1493 1292 1574 quaerunt
1307 1485 1343 1553 in

332 1619 456 1702 poeta,
477 1619 513 1679 et
530 1581 632 1680 verbi
651 1629 756 1678 causa
778 1580 849 1680 falc
865 1608 987 1679 Jovern
1008 1608 1105 1679 nullo
1125 1609 1230 1680 modo
1249 1611 1344 1702 apud

332 1734 536 1829 AEschylom
568 1734 770 1804 inferiorem
807 1755 886 1805 esse
926 1733 1158 1805 contendunt.
1186 1735 1347 1805 Laudant

332 1879 419 1929 sane
429 1859 534 1929 deum
546 1879 650 1950 quern
667 1857 849 1950 Supplices
860 1855 1135 1928 summaliducia
1153 1869 1341 1946 testantur3

333 1993 369 2055 ct
386 1983 476 2054 duos
495 2001 622 2054 versus
642 1981 878 2052 Eumenidum
899 1983 1050 2052 alleruut
1073 2007 1081 2051 :
1107 1980 1222 2068 tolo,
1241 1986 1346 2064 Ζεὺςό

333 2111 493 2188 πανόπτας
511 2113 591 2177 οὕτω
608 2107 711 2203 Μοῖραί
728 2135 764 2176 τε
783 2103 968 2203 σογκατέόα.
991 2145 1037 2160 -
1058 2105 1142 2196 392,
1153 2110 1273 2203 Θεομὸν
1291 2111 1348 2178 τὸν

336 2235 550 2327 μοιρόκραντον
570 2237 603 2302 ἐκ
619 2235 691 2300 θεῶν
711 2225 840 2302 δοθέντα
857 2234 976 2303 τέλεον.
998 2230 1084 2301 Inde
1103 2231 1221 2302 omnia
1245 2242 1349 2325 putes

338 2357 433 2427 inter
453 2356 579 2426 Parcas
607 2364 643 2426 et
668 2355 792 2426 Jovem
816 2356 1022 2427 convenire.
1043 2354 1231 2438 Quomodo
1259 2329 1355 2430 vero=

340 2482 400 2552 tali
428 2481 614 2554 sententiae
639 2481 823 2550 Promethei
852 2501 977 2552 uersus
997 2475 1086 2574 (olo
1106 2491 1141 2552 et
1164 2481 1215 2572 s.)
1236 2477 1295 2576 (l)
1312 2489 1351 2552 et

339 2628 480 2679 omnem
502 2605 658 2676 fabulam
679 2605 989 2676 accommodabis?
1016 2605 1141 2677 Totum
1171 2585 1347 2677 ordinanti

235 2808 237 2810 ,
337 2753 460 2825 parum
472 2741 525 2802 est
539 2753 585 2801 ex
601 2730 772 2823 particula
785 2729 990 2800 decernere.
1001 2769 1049 2783 -
1062 2731 1130 2800 Ista
1145 2749 1351 2823 quanquam

338 2857 484 2927 omnino
503 2854 661 2945 diverso,
683 2853 867 2926 confidunt
887 2867 1003 2943 tamen
1023 2875 1062 2926 se
1081 2875 1225 2948 quoquo
1245 2852 1354 2924 modo

337 2979 525 3050 conciliare
544 2999 662 3071 posse.
685 2977 756 3048 Aut
776 2979 811 3047 in
832 2980 1021 3049 Prometheo
1041 2979 1158 3051 soluto
1185 3001 1228 3050 ea
1255 2979 1312 3048 res
1337 3017 1350 3030 ·

338 3114 408 3174 talo
428 3124 507 3174 esse
531 3102 742 3174 confirmant
759 3125 841 3196 quae
861 3106 897 3173 in
917 3105 1039 3176 vincto
1061 3106 1273 3200 legimus‚et
1292 3103 1353 3176 de·

339 3229 476 3323 perdita
505 3241 611 3322 prout
645 3229 758 3321 placet
787 3227 1011 3318 describunt3
1033 3239 1094 3300 not
1123 3229 1255 3300 nodum
1285 3231 1354 3300 istc

339 3351 445 3425 modo
467 3351 672 3448 explicant:
693 3351 818 3424 Iovem
837 3352 1041 3449 AEschylum
1062 3353 1110 3424 ita
1127 3352 1244 3424 Parcis
1262 3353 1318 3422 inl
1337 3393 1352 3406 ·

337 3677 396 3733 qno
415 3661 563 3732 Sophocles,
580 3679 609 3734 p.
631 3661 664 3718 32
685 3669 715 3716 et
736 3677 774 3726 s.,
800 3669 843 3726 et,
867 3679 1033 3734 quanquam
1057 3680 1114 3718 non
1139 3678 1254 3720 mecum
1268 3663 1351 3724 iacit,

338 3757 352 3844 i
371 3759 446 3841 Jbst,
462 3760 582 3827 Docilis,
598 3777 627 3832 p.
643 3760 675 3816 ‘tl
693 3766 723 3814 et
737 3761 782 3816 25.
1245 3773 1246 3776 ’

371 3853 407 3918 (1)
531 3859 563 3907 X:
575 3857 612 3914 τίς
625 3857 668 3907 οὖν
684 3857 790 3922 ἀνάγκης
803 3858 870 3909 ἐστὶν
885 3858 1076 3926 οἶακοστρόροςς

535 3946 569 3998 11.
586 3949 680 4012 Μοῖραι
689 3947 819 4014 τρίμορφοι
830 3949 947 4013 μνήμονές
959 3949 981 4000 τ’
987 3947 1091 4014 Ἐρινύες

535 4041 565 4090 Χ.
578 4040 672 4090 τούτων
685 4041 734 4107 ἄρα
744 4042 803 4098 Ζεύς
813 4042 880 4092 ἐστιν
893 4041 1084 4108 catenensem

536 4127 569 4178 ll.
583 4128 673 4179 οὔκουν
686 4129 715 4179 ἄν
730 4129 830 4194 ἐκφύγοι
843 4146 872 4192 γε
883 4130 926 4190 τὴν
935 4129 1106 4194 πεπρωμένην.
