3250 5120
666 563 829 624 ..21-

236 707 342 801 plecti
360 703 461 791 velit,
480 701 606 774 merito
622 701 715 772 dicat
728 699 881 790 inhujus
895 701 1080 792 tragoediae
1093 703 1251 795 partibus
1310 701 1319 720 ⁶

239 833 319 903 duci
335 828 600 922 quodammodo
611 827 655 898 de
667 825 788 896 Xersis
801 825 898 917 luga,
913 833 948 898 et
961 826 1138 897 exercitus
1151 827 1252 898 clade
1331 879 1333 885 .

238 960 418 1048 ingentem
433 956 568 1025 luctum
586 965 647 1024 aut
663 963 701 1022 ut
716 951 816 1022 aiunt
831 950 943 1022 Graeci
960 955 1062 1046 θρῆνον
1073 949 1130 1046 (l)
1145 951 1253 1022 variis

239 1102 449 1177 expressum
470 1079 597 1150 modis.
620 1076 866 1148 Praemetuitur
885 1076 1038 1171 primum
1061 1099 1082 1147 a
1105 1077 1254 1148 sollicita

239 1206 384 1277 civitate
398 1204 538 1293 clades,
551 1222 635 1272 mox
653 1211 927 1294 repraesentatur
942 1201 1075 1292 reginae
1090 1201 1251 1288 somnio,

241 1330 325 1402 dein
355 1327 588 1402 consternatis
616 1325 780 1397 omnibus
809 1346 830 1395 a
858 1325 981 1395 nuntio
1015 1325 1253 1416 describitur,

241 1467 364 1549 postca
392 1453 503 1524 cladis
528 1451 673 1522 alterius
703 1449 860 1542 augurio
881 1459 983 1521 aucta
1016 1449 1055 1520 fit
1088 1450 1254 1542 grauior,

242 1579 397 1671 denique
415 1578 461 1648 ab
480 1576 644 1648 omnibus
662 1585 697 1645 et
715 1575 792 1668 ipso
808 1575 928 1646 Xerxe
945 1587 1089 1647 auctore
1107 1597 1148 1647 ac
1168 1586 1258 1646 teste

243 1704 337 1773 illius
353 1702 569 1795 deploratur.
581 1699 761 1769 Summam
774 1699 826 1770 rei
840 1720 957 1771 scaeua
973 1699 1018 1770 de
1033 1721 1103 1792 qua
1118 1700 1256 1790 agimus

243 1827 412 1899 continet.
434 1825 540 1916 Cujus
566 1825 717 1918 primum
746 1824 907 1913 utilitati,
938 1825 1021 1896 dein
1048 1824 1158 1897 indoli
1188 1837 1260 1896 stu·

245 1954 407 2025 deamus.
1200 1954 1201 1958 ’

292 2078 418 2148 Fateor
437 2076 589 2171 primum
608 2075 781 2147 nonsatis
800 2095 821 2145 a
841 2096 897 2146 me
912 2074 1060 2168 intelligi
1075 2075 1259 2168 quomodo

246 2207 291 2278 de
318 2201 462 2276 utilitate
488 2205 564 2294 ejus
588 2226 744 2297 unquam
772 2205 971 2274 dubitatum
995 2204 1056 2275 sit.
1084 2203 1261 2288 Quantum

246 2332 339 2402 enim
354 2331 400 2400 ad
416 2330 631 2417 Graecorum,
648 2329 720 2399 imo
736 2327 781 2398 ad
799 2327 988 2417 cujuslibet
1007 2329 1156 2420 legentis
1166 2329 1262 2420 judi·

248 2455 340 2525 cium
356 2455 522 2546 pertinet,
535 2453 606 2523 falli
621 2452 788 2524 videntur
801 2453 946 2524 omnino
959 2453 1021 2546 qui
1034 2475 1111 2525 eam
1128 2463 1262 2546 partem
1359 2441 1364 2446 ’

249 2579 434 2672 tragoediae
457 2579 502 2649 ad
522 2599 686 2672 pompam
707 2579 897 2672 spectaculi
917 2590 1097 2672 spectare,
1120 2579 1264 2650 minime

251 2725 337 2776 vero
369 2704 427 2774 vel
460 2703 577 2774 minus
613 2703 648 2772 in
681 2712 793 2773 totum
823 2701 995 2794 proficere
1024 2704 1262 2793 contendunt,

252 2827 431 2920 mirorque
467 2827 673 2921 praeclarum
705 2826 862 2916 judicem
897 2822 952 2920 (2)
990 2827 1132 2920 optimae
1174 2829 1265 2922 parti

252 2951 389 3024 haerere
414 2950 556 3034 solitum
574 2949 632 3020 hic
652 2959 852 3043 opportuno
871 2949 949 3021 loco
967 2951 1151 3023 cedentem
1175 2954 1266 3024 mul-

253 3079 326 3146 tum
350 3074 552 3146 inclinasse.
573 3075 650 3145 Non
675 3075 840 3167 equidem
861 3097 953 3146 uuus
972 3099 1051 3148 sum
1072 3098 1119 3149 cx
1137 3078 1266 3150 triariis

254 3202 298 3272 ad
315 3222 404 3293 quos
421 3223 497 3272 rem
516 3200 616 3272 aiunt
637 3200 776 3290 redire;
795 3202 859 3272 sed
876 3209 1078 3295 quanquam
1096 3202 1166 3275 levi
1183 3225 1268 3296 quo-

167 3349 177 3375 ·
254 3325 445 3398 dammodo
473 3335 650 3397 armatura
678 3336 713 3396 et
747 3326 873 3397 alienis
903 3349 1044 3398 merens
1078 3327 1265 3419 auspiciis,

256 3453 428 3538 rationem
443 3473 570 3523 scaenae
583 3472 690 3545 quam
701 3451 808 3523 video
820 3453 976 3524 breviter
987 3451 1185 3522 describam
1197 3451 1266 3544 (3).

294 3709 331 3778 (l)
349 3707 387 3763 V.
404 3707 504 3773 Patin,
521 3707 554 3776 I,
569 3707 639 3772 ⁶238,
654 3723 689 3762 ac
703 3708 864 3777 presertim
882 3705 986 3763 Girard
1000 3709 1048 3764 cui
1067 3715 1097 3764 et
1113 3709 1202 3764 multa
1215 3708 1270 3765 alia

256 3803 294 3860 de
309 3806 408 3862 Persis
422 3809 452 3861 et
465 3805 544 3862 illam
558 3804 757 3860 definitionem
769 3803 872 3860 debeo.
888 3804 1040 3862 Senttment
1053 3805 1201 3876 reltptauc,
1218 3806 1271 3864 lte

258 3907 288 3957 et
301 3917 327 3957 s.

293 3999 333 4069 (2)
349 3999 521 4066 Hermann..
537 4002 574 4056 lle
587 3997 690 4054 Persis.
709 4001 854 4070 Opmcula,
869 3999 896 4067 2,
913 4017 942 4074 p.
958 4001 1002 4059 97.

298 4098 332 4166 (3)
348 4097 455 4153 Mirum
471 4104 517 4153 est
531 4097 567 4152 de
581 4097 629 4153 illa
638 4096 735 4170 Rappi
746 4097 962 4167 (Garcbiclttadea
973 4100 1077 4156 Grlacb.
1089 4100 1270 4191 Sebauapiets,

259 4193 531 4266 Tubingue;1852,
550 4213 579 4268 p.
603 4195 646 4260 lot
661 4195 806 4266 judicium
827 4193 905 4252 :Die
923 4198 1158 4270 ndobstfolgende
1178 4198 1272 4252 Scene
