3254 5112
799 617 840 632 -
861 583 960 646 58·-

370 728 525 824 pondeat
549 719 700 822 (laca);
729 720 923 816 praesertim
954 739 1060 813 quam
1089 720 1195 794 molle
1224 733 1260 795 et
1291 723 1385 796 bene

370 863 544 929 moratum
577 851 746 922 afferetur
780 845 1013 934 novissimum
1047 846 1197 940 virginis
1232 849 1384 920 verbum

369 1001 441 1074 quo
460 986 557 1072 optut
574 986 613 1044 ut
630 993 701 1045 nno
721 973 792 1042 ictu
810 970 976 1042 decenter
994 971 1098 1042 cadat
1113 969 1255 1069 (raca).
1273 971 1386 1046 Fortis

370 1105 476 1176 etiam
501 1101 628 1172 merito
648 1098 805 1184 dicetur,
832 1116 1046 1189 quamquam
1071 1107 1108 1168 et
1134 1098 1235 1191 plura
1261 1098 1388 1171 metuit

374 1240 411 1302 et
430 1237 587 1323 paratam
612 1234 762 1295 mortem
789 1221 910 1294 horret
935 1231 971 1292 et
994 1219 1160 1293 debiliter
1182 1221 1387 1296 Scamandri

369 1374 451 1428 oras
478 1349 631 1448 appellat
650 1347 780 1444 (ilbi)
800 1368 880 1440 qnae
904 1368 943 1417 se
970 1347 1223 1440 pubescentem
1249 1367 1322 1420 non
1348 1348 1385 1418 in

370 1477 454 1549 talia
472 1475 686 1547 eduxerunt.
699 1471 804 1543 Vates
822 1470 916 1541 enim
934 1469 994 1540 aiii
1011 1470 1136 1563 quales
1147 1469 1384 1565 Amphiaraus

369 1612 405 1675 et
432 1598 682 1686 Prometheus,
716 1595 909 1690 prudentes
936 1595 1163 1689 scientesque
1181 1595 1229 1668 ad
1248 1605 1383 1690 pestem

369 1737 451 1798 ante
465 1724 587 1800 oculos
600 1722 749 1817 positam
760 1731 844 1791 sunt
859 1720 1025 1814 proiecti3
1045 1720 1109 1791 sed
1127 1739 1244 1815 neque
1256 1721 1384 1792 ducem

262 1847 264 1852 ’
342 1850 485 1954 {neque
499 1850 605 1921 deum
622 1868 704 1919 cum
718 1845 836 1941 puella
848 1865 992 1939 aequum
1009 1856 1062 1916 est
1076 1847 1251 1917 conterre.
1269 1845 1383 1941 Virgi-

367 1991 431 2049 nes
450 1975 551 2062 aliae,
572 1973 696 2067 quales
725 1970 878 2042 Macaria
897 1980 1004 2064 atquo
1023 1969 1229 2063 Iphigenia,
1257 1970 1384 2044 volun-

367 2101 491 2172 tariam
509 2105 658 2169 mortem
679 2114 877 2190 excepere3
900 2094 965 2165 sed
985 2114 1057 2165 non
1077 2094 1172 2164 illam
1193 2083 1327 2166 ioedam
1342 2115 1383 2168 ac

368 2233 577 2318 praesentem
595 2219 802 2290 cernebant.
819 2216 1017 2288 Cassandra
1036 2239 1136 2311 spem
1159 2239 1301 2290 omnem
1324 2219 1383 2290 vel

368 2345 465 2418 nulio
490 2344 716 2416 adstantium
733 2342 947 2436 desperante
975 2341 1116 2433 abjicit;
1144 2343 1238 2413 viam
1258 2343 1382 2416 salutis

366 2472 499 2544 nullam
517 2492 596 2541 esse
610 2465 739 2564 (taut)
755 2479 790 2539 et
807 2469 873 2539 scit
888 2477 923 2539 et
938 2468 1051 2538 videt.
1069 2467 1287 2540 Observatur
1301 2489 1382 2541 ocu·

365 2598 410 2670 lis
440 2606 477 2668 et
500 2595 613 2666 infera
639 2593 699 2664 illa
726 2604 828 2686 porta
854 2603 890 2665 et
912 2592 1027 2663 letalis
1053 2593 1216 2664 maehina
1235 2591 1378 2691 (laur).

365 2722 481 2808 Quum
520 2717 645 2791 fidenti
689 2717 831 2789 tandem
869 2717 989 2790 animo
1025 2717 1118 2789 iores
1157 2718 1378 2811 ingreditur,

366 2846 512 2918 minime
535 2842 684 2915 dubium
711 2852 765 2913 est
791 2841 878 2935 quin
894 2843 967 2934 jam
994 2852 1200 2936 conceptam
1228 2852 1381 2915 mortam

366 2968 455 3040 ierat
469 2967 505 3036 in
523 2965 747 3060 praecordiis3
765 2964 861 3035 unde
876 2961 916 3034 iit
930 2973 965 3035 et
980 2965 1059 3057 ejus
1076 2967 1231 3059 apertior
1249 2965 1377 3054 virtus,

365 3111 469 3165 casus
489 3089 743 3178 miserabilior,
765 3088 903 3160 indoles
925 3098 997 3162 tota
1018 3090 1216 3164 sublimior.

413 3217 499 3288 Rem
520 3225 559 3284 ut
582 3225 690 3286 totam
716 3213 837 3308 paucis
856 3213 1039 3304 colligam,
1067 3215 1379 3288 vaticinationibus

364 3343 401 3412 in
420 3337 587 3434 AEsobylo
610 3358 676 3409 nec
702 3358 893 3426 numerus,
918 3357 984 3408 nec
1009 3337 1133 3427 decor,
1156 3361 1221 3410 nec
1241 3339 1379 3433 pondus

364 3463 499 3555 deiuit3
519 3465 623 3556 cujus
640 3463 690 3533 rei
711 3483 798 3532 sane
819 3473 947 3554 praeter
968 3461 1149 3567 ingenium
1168 3475 1283 3558 poetae
1300 3484 1380 3536 cau·

364 3603 439 3662 sam
457 3589 550 3661 hanc
570 3587 789 3682 probabilem
805 3587 986 3677 invenies,
1004 3588 1138 3660 scilicet
1159 3591 1377 3683 triiogiarum

362 3713 484 3788 formas
503 3713 724 3786 commodius
742 3732 802 3784 ens
822 3711 958 3807 aptari3
978 3731 1060 3806 quae
1076 3714 1227 3807 ‘quidem
1251 3715 1377 3809 positae

362 3837 478 3910 autin
503 3837 616 3931 prima
636 3836 756 3911 fabula
776 3835 930 3908 velutin
952 3838 1066 3930 primo
1084 3839 1240 3931 agmine,
1260 3849 1323 3910 aut
1340 3838 1377 3910 in

361 3960 517 4034 secunda
542 3961 843 4055 quemadmodum
872 3963 964 4033 inter
989 3982 1122 4034 cornua
1148 3963 1376 4036 constituitur

360 4086 538 4159 exercitus
566 4084 693 4176 robur,
713 4104 856 4157 cursum
878 4084 1027 4158 actionis
1054 4086 1233 4181 paulisper
1257 4109 1374 4164 mora·

360 4216 490 4288 bantur
507 4236 578 4309 quo
604 4211 730 4286 melius
756 4213 925 4309 deinceps
943 4222 979 4286 et
1004 4213 1120 4287 acrius
1144 4215 1229 4288 inde
1249 4218 1375 4290 incita·
