3250 5120
672 567 713 579 ..
734 533 772 598 39
793 565 834 582 ..

242 671 327 742 dum
346 668 463 763 potius
479 666 661 762 profitetur
678 690 784 762 quam
799 691 838 740 sa
854 690 989 764 suaque
1006 648 1143 765 prodat.
1163 673 1253 756 Quid

239 806 361 888 postea
389 793 456 864 nisi
477 802 515 863 ut
542 813 687 884 eaquae
714 793 838 863 minati
861 806 944 864 sunt
970 795 1041 883 dii,
1067 807 1166 868 vates
1190 819 1255 870 ex·

242 933 370 1017 pectet,
387 919 720 1015 perficiant-Sed
736 944 807 993 ncn
820 922 938 992 minus
950 923 1126 1014 legentem
1137 940 1256 998 movet

239 1047 337 1140 prior
355 1046 414 1116 illa
433 1065 550 1116 scaena
569 1065 639 1137 qua
665 1047 776 1116 locem
795 1067 890 1116 nunc
907 1045 1013 1139 longa
1033 1048 1125 1120 serie
1146 1049 1256 1120 malo·

240 1193 318 1241 rum
338 1180 462 1254 terret,
484 1191 578 1240 nunc
605 1169 724 1262 aliqua
760 1191 823 1264 spc
853 1180 1001 1242 recreat.
1028 1171 1134 1243 Novit
1161 1173 1255 1244 enim

241 1296 367 1368 molles
388 1295 506 1366 aditus
527 1305 563 1365 et
591 1294 687 1364 fandi
720 1303 877 1388 tempora
897 1294 996 1390 (Vide
1021 1308 1061 1365 ut
1085 1297 1162 1368 loco
1181 1297 1255 1368 dic-

241 1432 314 1490 tum
334 1419 380 1491 sii
397 1418 483 1505 755,
504 1419 572 1513 πρὶν
592 1413 627 1484 ἂν
653 1419 722 1497 Ζεὺς
742 1421 852 1514 ἐκπέσῃ
871 1413 1081 1514 τυραννίδος);
1100 1420 1204 1512 ionga
1221 1431 1256 1492 et

241 1554 374 1617 maesta
386 1543 515 1615 dividit
530 1542 559 1614 si
576 1543 722 1636 quaudo
738 1540 838 1613 malis
852 1563 947 1635 aegra
957 1564 1161 1616 assuescere
1176 1567 1257 1640 pos-

239 1671 311 1759 sit3
341 1679 526 1763 percenset
551 1667 855 1760 commendatque
882 1668 974 1759 (705
1003 1680 1039 1740 et
1059 1669 1152 1766 789)
1183 1671 1257 1741 sin·

238 1795 342 1888 gula,
367 1816 413 1866 ne
447 1793 533 1886 quid
564 1793 650 1864 utile
680 1803 869 1885 vagantem
899 1794 1029 1886 fugiam
1053 1796 1256 1866 memoriam

239 1919 409 2014 praeteriti
427 1919 595 2012 temporis
614 1917 760 2011 replicat
785 1926 824 1988 ut
848 1919 943 2012 apud
968 1939 1045 1989 eam
1067 1920 1258 1990 constituat

240 2044 430 2115 uerborum
465 2062 610 2113 suorum
651 2043 917 2130 auctoritatem;
958 2044 1118 2114 tristibus
1142 2043 1255 2130 laeta,

239 2170 332 2241 notia
363 2169 472 2239 multa
506 2168 684 2260 insperata
714 2168 868 2238 humane
907 2169 1149 2257 intermiscet3
1186 2170 1257 2241 imo

239 2291 432 2363 narrationi
451 2292 576 2363 inserit
594 2291 711 2384 aliqua
729 2291 852 2382 gloriae
873 2293 1004 2362 iuturae
1016 2293 1256 2364 blandimenta

238 2425 276 2488 at
294 2437 393 2510 spem
412 2437 482 2487 non
502 2415 612 2487 semel
640 2415 752 2506 injicit
776 2428 876 2488 terrae
900 2417 1121 2509 cognominis
1147 2416 1255 2508 (733·,

241 2539 334 2635 ste,
356 2537 454 2636 840).
475 2540 589 2623 Quum
610 2561 697 2611 vcro
714 2540 773 2610 illa
788 2541 952 2634 promissi
970 2552 1009 2611 ut
1029 2541 1119 2612 solet
1139 2541 1258 2610 imme-

240 2664 376 2735 morin
408 2662 511 2734 flatus
541 2675 576 2735 et
603 2663 890 2736 lamentationem
909 2665 1082 2758 erumpit,
1107 2675 1142 2734 et
1165 2686 1256 2735 mor-

241 2798 311 2860 tem
329 2799 381 2862 tot
398 2810 647 2860 aerumnarum
668 2788 774 2888 tinem
793 2800 915 2884 optat,
934 2791 1104 2884 impetum
1126 2790 1256 2860 doloris

237 2914 405 3008 exemplo
426 2914 583 2985 miseriae
605 2914 736 2985 mulcet
754 2935 851 3005 suaa,
874 2925 909 2985 et
928 2914 1031 3005 jactis
1053 2915 1187 3007 aliquot
1213 2914 1257 2983 de

240 3039 337 3112 Iovis
356 3040 582 3113 matrimonio
602 3040 726 3130 dictis,
748 3040 957 3114 muliebrem
973 3041 1159 3111 animuma
1177 3061 1259 3133 pro·

241 3164 328 3258 price
353 3165 524 3235 molestiae
551 3165 766 3246 conscientia
789 3165 895 3235 alieni
924 3165 1070 3259 periculi
1098 3164 1258 3235 obscuri-

195 3351 200 3358 .
242 3297 313 3360 tate
339 3288 539 3392 abducit-et
562 3289 773 3361 abducendo
800 3291 1015 3363 consclatur.
1050 3289 1178 3381 Ecquis
1205 3296 1259 3357 cst

240 3432 285 3483 eo
305 3412 445 3504 dignior
461 3415 522 3507 qui
540 3423 578 3483 nt
593 3413 740 3484 aliarum
752 3435 890 3508 rerum,
906 3413 958 3484 sic
977 3413 1142 3483 humanae
1160 3431 1256 3480 mcu-

244 3536 288 3607 tis
307 3538 603 3630 prudentissimus
623 3539 770 3610 audiat?

291 3661 467 3744 Quantum
501 3684 587 3734 vero
616 3662 719 3734 detur
745 3663 957 3734 divinationi
987 3662 1023 3734 in
1047 3661 1113 3732 hac
1140 3662 1256 3732 fabula

241 3806 313 3856 non
334 3797 403 3856 tam
425 3808 495 3858 uno
515 3800 576 3857 aut
595 3787 707 3858 altero
735 3788 813 3858 loco
830 3784 922 3881 (noti
940 3797 1023 3858 sunt
1041 3787 1086 3857 de
1105 3788 1260 3880 Typhone

245 3930 368 3981 versus
382 3909 467 4001 347,
478 3913 527 4003 a.)
540 3923 575 3983 et
593 3911 648 3982 his
666 3913 793 3983 scaenis
804 3934 954 4005 quarum
966 3933 1140 3983 summam
1156 3910 1257 3981 stric-

244 4032 307 4103 tim
326 4035 448 4124 attuli,
470 4057 575 4129 quam
601 4036 677 4130 ipso
703 4035 840 4106 actionis
854 4059 968 4128 peracre
987 4045 1146 4130 apparet.
1173 4035 1259 4105 Tota

245 4157 339 4228 enim
354 4180 483 4232 arcano
499 4160 560 4233 illo
576 4170 714 4232 constat
731 4161 826 4254 quod
845 4181 967 4232 omnes
985 4181 1026 4231 aa
1043 4159 1178 4254 Jupiter
1193 4178 1256 4252 po-

1082 4285 1099 4343 4
