3250 5120
754 625 794 638 ..
814 591 853 656 30
873 626 913 639 -

331 706 399 778 sibi
413 703 594 797 lingebant
610 701 757 776 deorum
768 695 940 776 invidiam
957 715 994 776 et
1005 706 1151 778 iusidias
1165 706 1257 804 (Xop.
1273 705 1334 795 97,

331 825 502 926 δολόμητιν
527 829 649 900 ἀπάταν
665 832 744 899 θεοῦ.
767 843 845 926 ΛΠ.
869 826 960 921 315,
983 831 1055 900 ἀλλ’
1075 826 1135 901 ὧδε
1156 826 1274 928 δαίμων
1292 859 1341 912 τις

330 958 503 1052 κατέφθειρε
522 957 664 1050 στρατόν.
682 968 741 1024 Ατ.
761 950 845 1043 172,
859 951 884 1022 ὦ
900 958 1009 1050 στυγνὲ
1026 949 1139 1051 δαῖμον
1157 953 1340 1047 κτλ.);66ἀ

330 1079 561 1160 contumaciae
576 1075 680 1173 (783)
700 1099 741 1149 nc
757 1078 946 1150 dementiae
961 1076 1067 1176 (719)
1084 1080 1254 1168 Xerxem,
1275 1079 1340 1150 im·

331 1203 472 1297 pietatis
490 1203 668 1274 Persicum
692 1204 888 1276 exercitum
906 1200 1012 1300 (809)
1032 1204 1257 1297 gravissimus
1277 1203 1341 1276 has

332 1349 456 1423 poeuns
482 1328 700 1423 expendere.
725 1369 773 1382 --
796 1329 891 1402 Duos
916 1329 1022 1401 etiam
1048 1330 1143 1406 locos
1169 1339 1341 1404 nostrates

332 1473 428 1546 saepe
447 1453 563 1523 mirati
577 1463 673 1540 snut,
691 1474 842 1547 quorum
857 1453 952 1524 Darii
972 1455 1082 1526 verba
1100 1454 1223 1548 incipit
1238 1454 1339 1542 alter,

332 1575 422 1647 alter
440 1577 632 1648 concludit.
657 1575 864 1661 Quomodo,
886 1577 1001 1671 iuquit
1022 1574 1100 1670 (1),
1130 1582 1259 1670 querat
1284 1575 1343 1648 ille
1376 1628 1379 1633 -

333 1711 405 1771 taur
424 1702 535 1773 multa
554 1702 616 1796 qui
635 1701 742 1774 modo
760 1701 848 1774 sciet
866 1702 1011 1774 omuia‘l
1029 1700 1115 1786 Quis
1134 1704 1255 1775 credat
1273 1702 1342 1775 bel·

334 1822 406 1894 lum
432 1846 538 1897 omne
559 1848 642 1897 curn
670 1827 792 1919 lugere
818 1849 839 1897 a
865 1847 937 1921 quo
954 1848 1051 1916 ‚mox
1075 1827 1197 1898 ultimo
1224 1826 1343 1898 clades

301 1985 304 1990 ·
333 1949 379 2020 sit
400 1951 652 2046 praedicendu,
680 1974 881 2044 nomenque
898 1953 999 2023 ducis
1021 1953 1186 2024 eumdem
1208 1950 1343 2023 nescire

335 2074 440 2172 (717)
470 2096 490 2145 a
521 2097 593 2170 quo
620 2077 758 2150 vinctus
790 2076 1038 2170 Hellespontus
1062 2099 1133 2149 nou
1164 2078 1344 2168 ignoretur

336 2197 461 2296 (715),
489 2202 606 2272 lutura
628 2202 748 2273 omnia
771 2203 842 2273 sint
865 2200 1111 2296 explananda,
1137 2202 1209 2274 iuro
1234 2212 1346 2274 muter

276 2313 283 2330 '
336 2322 381 2396 de
400 2325 564 2418 squalore
588 2324 652 2397 filii
670 2347 712 2398 ec
731 2326 895 2399 sordibus
919 2327 966 2398 sit
987 2327 1093 2420 paulo
1115 2336 1195 2420 post
1221 2327 1345 2399 admo·

334 2449 453 2520 nenda
473 2449 603 2546 (836)‘r
621 2451 806 2524 Homerico
826 2452 977 2544 primum
997 2451 1162 2546 exemplo
1181 2451 1218 2522 id
1237 2472 1346 2523 excu-

335 2573 405 2643 sari
426 2575 537 2667 possit
553 2585 589 2647 et
608 2586 754 2648 necesse
773 2575 898 2647 heberi
920 2576 1132 2648 defendetur
1147 2585 1281 2648 certum
1305 2551 1346 2646 ec

335 2697 446 2770 fixum
467 2701 600 2794 aliquid
620 2703 752 2774 erranti
772 2702 902 2774 enimse
933 2714 1149 2795 proponatur
1167 2723 1239 2795 quo
1258 2709 1345 2770 teur-

336 2825 482 2918 poribus
493 2826 597 2898 novis
607 2827 762 2916 haereat3
780 2848 846 2898 nec
863 2826 989 2898 infelix
1006 2834 1060 2898 est
1074 2827 1134 2898 illa
1149 2822 1345 2917 ignorantie

337 2967 407 3040 qua
428 2951 533 3042 paulo
551 2961 634 3022 aute
654 2953 827 3024 nuntietae
843 2951 954 3022 cladis
971 2951 1141 3023 memoria
1155 2957 1346 3021 renovatur

337 3073 608 3165 significantius.
627 3075 830 3148 Cavendum
852 3098 937 3148 vero
954 3097 999 3146 ne
1014 3087 1192 3171 putemus,
1210 3085 1248 3144 ut
1264 3093 1347 3145 uon·

336 3198 448 3286 nulli,
470 3199 638 3292 pleraque
661 3199 825 3292 ignorare
848 3199 1006 3271 Darium.
1027 3199 1072 3270 Ut
1091 3201 1211 3292 regina
1237 3214 1345 3289 quum

336 3323 405 3394 ista
423 3324 469 3396 de
488 3322 561 3396 filio
578 3323 735 3396 breviter
752 3324 918 3417 explicat,
939 3325 1018 3419 plus
1035 3345 1141 3418 quam
1158 3322 1227 3394 sibi
1246 3319 1346 3392 vide·

339 3462 396 3524 tur
414 3475 453 3525 re
470 3453 555 3525 dicit
574 3450 678 3549 (771)
693 3449 771 3549 (7),
792 3453 844 3525 sic
861 3453 986 3525 Darius
1006 3476 1045 3525 re
1068 3453 1146 3548 plus
1169 3471 1276 3545 quam
1291 3445 1347 3528 vi·¹

376 3707 412 3778 (l)
431 3707 536 3781 Boyer,
552 3715 612 3765 not.
629 3725 657 3780 p.
673 3707 718 3773 76,
734 3708 907 3775 7661161,1η
922 3709 1063 3774 unitione,
1080 3725 1109 3780 p.
1125 3707 1169 3763 37.

376 3810 414 3880 (7)
433 3809 540 3885 Boyer,
555 3831 584 3886 p.
597 3811 630 3868 19
643 3833 649 3866 :
662 3831 676 3861 u
688 3811 796 3868 Atossa
806 3810 930 3867 satisfuit
944 3814 1068 3868 utentes
1078 3810 1122 3865 les
1136 3809 1287 3880 questions
1297 3803 1349 3875 qui

339 3908 382 3964 lui
401 3914 468 3965 suut
482 3910 580 3977 faites3
595 3909 670 3966 mais
684 3910 811 3982 inspiree
830 3926 881 3982 par
899 3925 953 3965 son
975 3924 1056 3964 coeur
1070 3921 1182 3962 comme
1198 3919 1238 3959 uu
1252 3899 1347 3958 crocle

339 4021 392 4080 pur
405 4008 530 4080 quelque
549 4007 631 4074 dieu,
650 4008 703 4063 elle
718 4007 807 4062 cache
820 4010 837 4062 1
850 4021 905 4062 son
918 4007 987 4062 insu
1006 4021 1044 4062 uu
1063 4002 1169 4058 double
1183 4013 1253 4055 sens
1274 3998 1349 4057 daus

340 4103 470 4161 61166666
485 4105 521 4160 (16
535 4120 584 4160 ses
599 4104 722 4176 paroles.
737 4102 840 4169 Aiusi,
855 4103 909 4158 elle
923 4101 974 4157 leit
986 4099 1127 4155 l’histoire
1141 4097 1177 4152 (16
1191 4097 1218 4152 le
1231 4095 1299 4152 folio
1311 4094 1349 4151 (16

337 4218 394 4260 son
413 4203 478 4272 fils,
501 4202 597 4260 tendis
616 4201 719 4274 qu'clle
739 4203 813 4258 croit
831 4217 868 4256 ne
888 4198 958 4255 faire
977 4213 1034 4270 que
1055 4196 1126 4254 celle
1146 4194 1183 4252 de
1206 4209 1256 4252 ses
1277 4193 1349 4250 mul-
