3250 5120
753 545 910 589 ..w-

327 665 561 739 recentiorum
579 662 716 758 judicio
732 662 858 756 gratia.
882 661 980 736 Prior
999 673 1117 736 tamen
1137 663 1338 736 neccssaria

326 792 423 882 tuit,
467 789 641 883 firmoque
681 783 896 860 adminiculo
944 785 1104 860 libellum
1155 786 1332 862 fundabit.

326 915 458 1008 Nempe
482 914 544 1008 qui
562 911 639 984 fieri
658 913 772 1007 potuit
792 922 829 983 ut
844 922 949 1006 poeta
967 934 1038 984 non
1056 912 1243 984 sententiae
1260 932 1337 985 suae

325 1038 441 1132 ipsum
454 1059 544 1132 opus
564 1038 622 1109 vel
642 1038 775 1110 invitus
788 1037 1177 1110 accommodaret‘tlmo
1192 1058 1257 1110 nos
1272 1036 1338 1108 ali·

327 1162 469 1256 quando
490 1162 686 1256 oportebit,
708 1173 746 1233 ut
767 1162 883 1256 ipsum
904 1163 1037 1234 iontem
1055 1162 1107 1232 rei
1123 1170 1337 1255 repetamus,

327 1285 556 1381 depopulari
580 1286 750 1380 religione
778 1295 918 1381 poetam
948 1284 1190 1378 interrogare;
1221 1294 1339 1358 utrum

327 1431 369 1482 ea
385 1420 571 1483 contentus
602 1411 692 1482 intra
719 1409 808 1482 fines
831 1411 917 1483 artis
945 1431 1023 1482 snae
1042 1431 1081 1482 se
1106 1409 1337 1498 continuerit,

327 1557 372 1607 au
389 1535 495 1609 fidem
516 1536 637 1630 populi
657 1536 939 1630 impugnaverit,
966 1536 1044 1608 sive
1069 1535 1155 1609 deos
1176 1535 1340 1608 meliores

328 1670 487 1755 optaret,
514 1660 592 1733 sive
613 1660 875 1754 philosophiam
902 1681 1008 1732 unam
1032 1660 1177 1732 coleret.
1196 1659 1339 1752 Conjec·

328 1786 416 1858 turis
446 1786 563 1879 potius
594 1807 698 1878 quam
733 1786 902 1858 doctrinae
940 1786 1055 1857 locum
1089 1784 1183 1856 huno
1219 1795 1341 1880 patere

328 1931 433 1983 nemo
447 1931 518 1983 non
535 1910 647 1983 videt.
658 1910 708 1983 De
719 1911 840 2004 priscis
857 1911 950 2018 enim
965 1909 1169 1982 auctoribus
1180 1932 1341 2005 quaerere

329 2034 424 2127 quod
441 2034 477 2105 io
497 2033 694 2130 aequalibus
712 2036 909 2129 saepissime
930 2037 1157 2128 ignoramus,
1179 2035 1266 2129 quid
1286 2043 1340 2108 est

328 2158 426 2230 aliud
457 2180 563 2252 quam
597 2158 816 2230 Camerinam
850 2162 1023 2232 movere?
1055 2159 1199 2230 Cautius
1234 2158 1341 2252 igitur

329 2303 434 2374 quam
445 2292 564 2354 nostra
577 2285 747 2356 memoria
762 2285 894 2378 plures,
907 2285 994 2377 quid
1007 2284 1054 2356 de
1064 2283 1284 2356 divinatione
1299 2304 1341 2355 ac

330 2407 384 2478 dis
405 2408 527 2500 tragici
541 2409 731 2498 senserint,
753 2410 905 2482 studebo
924 2410 1116 2502 conjicere,
1142 2431 1214 2482 non
1233 2417 1363 2503 praes·v

330 2533 426 2605 tabo·
447 2532 576 2603 Tamen
596 2533 657 2626 qui
678 2533 851 2622 attendet,
871 2555 952 2605 eum
971 2535 1008 2604 ni
1025 2534 1126 2606 fallor
1144 2555 1215 2607 non
1231 2533 1340 2626 fugiet

330 2657 416 2750 quid
431 2658 466 2727 in
481 2655 652 2752 religione
663 2657 816 2730 decursu
831 2658 907 2752 ipso
926 2679 1099 2731 annorum
1117 2660 1338 2730 immutatum

330 2781 393 2866 sit,
421 2781 507 2875 quid
530 2794 712 2877 poetarum
732 2783 915 2856 uoluntate
938 2784 1122 2874 effectum3
1145 2803 1340 2876 eorumque

330 2906 503 2978 sententia
519 2907 726 3001 plerumque
743 2908 947 2980 adumbrari
965 2919 1060 2980 certe
1080 2910 1220 3002 poterit,
1235 2908 1340 2982 modo

331 3031 366 3099 in
382 3038 493 3101 totum
509 3052 582 3102 rem
597 3032 860 3127 aggrediamur,
873 3045 908 3104 et
923 3034 1066 3105 remotis
1076 3055 1157 3126 quae
1173 3053 1339 3127 persona·

330 3175 409 3222 rum
425 3151 536 3225 indoli
553 3155 767 3246 respondent
782 3166 842 3224 aut
857 3154 954 3246 vulgi
967 3155 1125 3248 opinioni
1138 3157 1340 3228 concedun-

331 3291 407 3367 tur,
436 3288 551 3373 poetae
574 3277 667 3375 (non
692 3279 771 3350 dico
798 3279 976 3375 theologi)
1001 3302 1126 3352 vocem
1151 3281 1283 3376 ipsam,
1309 3281 1341 3354 si

332 3403 474 3496 quando
499 3412 640 3476 resonet
654 3381 674 3493 ,⁸
686 3403 722 3472 in
746 3402 893 3496 integris
913 3404 1041 3476 tabulis
1066 3403 1124 3500 (t)
1143 3406 1341 3500 deprehen·

333 3527 470 3598 damus.

369 3755 407 3823 (t)
430 3752 475 3810 De
497 3755 634 3813 omnibus
653 3757 714 3813 iere
733 3757 907 3830 fragmentis
927 3757 985 3815 dici
1003 3765 1102 3830 potest
1123 3759 1201 3832 quod
1222 3754 1258 3810 de
1282 3774 1341 3816 uno

335 3853 407 3921 (345)
420 3850 586 3926 AEschyleo‚
602 3853 842 3925 Naegelsbachius
859 3858 904 3924 (lie
918 3858 1098 3927 religionibus
1111 3858 1255 3922 orntum,
1271 3861 1339 3922 etc,

333 3971 362 4026 p.
380 3954 422 4022 34)
444 3975 450 4008 :
467 3971 588 4027 «quum
604 3955 774 4026 ignoremus
787 3973 822 4013 ea
835 3945 923 4013 verba
941 3961 1048 4030 puiset
1066 3975 1122 4028 quo
1139 3962 1342 4015 sententiarum

333 4054 539 4110 continuatione
557 4055 765 4126 pronuntiarit,
780 4057 867 4112 claris
880 4063 973 4129 poetae
991 4058 1165 4113 testimoniis
1184 4057 1256 4114 nihil
1273 4058 1342 4116 inde

332 4151 465 4224 derogari
478 4157 585 4224 potest.
601 4171 615 4204 c
