3254 5112
724 571 884 635 ...81-

298 730 335 802 p.
361 704 443 796 tta,
470 730 506 779 n.
528 705 604 804 32).
625 707 785 802 Denique
804 706 923 778 multis
945 707 1068 778 subest
1100 727 1195 778 mera
1214 727 1309 800 quae·

298 831 380 902 dum
405 833 537 928 εἰρωνεία
562 829 621 926 (V.
646 832 839 921 Stroblum,
860 831 1045 925 Euripides,
1068 854 1106 925 p.
1127 830 1162 918 9,
1192 828 1305 925 nota).

299 955 372 1028 lmo
397 977 478 1050 quae
506 957 604 1051 loqui
633 957 774 1028 videtur
803 955 1003 1050 Euripides,
1035 955 1231 1049 saepissime
1270 964 1310 1026 ut

297 1079 413 1152 voluit
431 1081 581 1174 legenda
598 1093 694 1170 sunt,
715 1081 850 1154 scilicet
866 1101 937 1153 non
954 1091 1120 1174 tanquam
1141 1080 1207 1151 ista
1222 1101 1307 1153 vera

294 1206 446 1299 judicet,
467 1208 531 1280 sed
550 1217 591 1280 ut
615 1208 723 1280 dubia
749 1218 785 1280 et
808 1209 940 1301 majore
957 1225 1063 1301 quam
1083 1205 1173 1278 solet
1199 1205 1306 1297 digna

297 1331 570 1405 existimatione.
590 1332 679 1417 Quae
702 1333 820 1406 omnia
844 1353 1046 1426 quanquam
1067 1331 1159 1402 inter
1181 1351 1220 1401 se
1239 1329 1307 1400 im-

297 1455 424 1550 plicata
438 1469 534 1548 sunt,
546 1479 683 1529 summa
699 1459 882 1551 diligentia
893 1456 1206 1550 suntsegreganda
1219 1467 1255 1528 et
1270 1456 1307 1527 in

293 1591 391 1652 certa
407 1603 536 1674 genera
551 1584 747 1654 referenda.
766 1623 812 1636 -
826 1581 986 1653 Ceterum
1001 1603 1048 1652 ne
1062 1578 1305 1651 difficultatem

296 1705 416 1776 verbis
442 1727 649 1798 augeamus,
677 1706 841 1800 quaedam
869 1705 1046 1776 interdum
1075 1726 1137 1799 per
1156 1726 1195 1776 se
1220 1702 1306 1777 satis

296 1828 501 1923 loquuntur.
518 1830 606 1915 Quae
619 1832 714 1903 enim
729 1832 1068 1926 poetatsententiam
1087 1829 1304 1923 exprimunt,

296 1976 337 2027 ca
356 1977 497 2049 semper
510 1957 584 2029 lere
602 1955 733 2028 habent
751 1977 877 2029 sonum
895 1954 1084 2049 quemdam
1104 1976 1209 2024 suum
1231 1974 1304 2046 quo

292 2083 627 2173 agnoscantur.Non
640 2082 672 2153 ei
687 2081 862 2153 immerito
878 2080 1171 2173 tribuunturquae
1181 2099 1305 2172 propo·

295 2215 427 2275 nnntur
436 2206 581 2300 saepius,
592 2227 633 2277 ac
642 2207 767 2279 crebro
776 2207 973 2298 etgraviter
986 2206 1159 2276 iterantur
1169 2229 1178 2294 ;
1190 2225 1306 2296 neque

295 2329 389 2401 ullus
421 2340 475 2402 est
506 2331 717 2403 dubitationi
746 2331 844 2404 locus
875 2352 984 2424 quum
1010 2351 1171 2424 personae
1201 2327 1306 2400 alicui

290 2454 469 2526 contraria
486 2455 630 2527 omnino
649 2456 725 2548 ejus
743 2467 805 2527 aut
821 2456 916 2527 aetati
933 2465 995 2526 aut
1012 2455 1122 2526 indoli
1144 2453 1304 2525 tribuun·
1431 2448 1432 2456 ’

294 2586 351 2648 tur
362 2577 511 2673 (Buccis,
528 2577 594 2652 tot
614 2602 645 2652 s.
663 2579 713 2650 Cl.
727 2581 934 2673 fragmenta.
946 2581 1161 2672 Melanippes,
1177 2574 1303 2663 tuas,

294 2712 330 2774 et
340 2702 584 2796 Naegelsbach,
600 2707 648 2775 N.
668 2706 744 2790 Tlr„
765 2728 801 2799 p.
819 2702 925 2801 438)3
937 2724 1065 2775 nomen
1081 2701 1140 2771 illa
1160 2700 1305 2794 quidem

291 2838 329 2898 et
349 2828 570 2900 occasionem
592 2829 761 2922 praebuit3
786 2850 870 2901 vere
893 2829 990 2917 silot3
1017 2826 1161 2899 auditur
1185 2834 1302 2920 poeta.

293 2949 366 3021 Lex
379 2972 464 3024 voro
478 2951 545 3023 ista
560 2953 607 3023 sit
625 2950 825 3025 firmissima
845 2953 923 3047 plus
940 2951 1158 3024 auctoritatis
1173 2971 1252 3022 esse
1267 2949 1304 3019 in

289 3077 444 3149 servatis
465 3077 592 3149 fabulis
609 3100 716 3171 quam
735 3077 770 3148 in
790 3077 985 3172 deperditis
1005 3075 1079 3172 (l),
1098 3076 1177 3170 plns
1194 3075 1303 3148 etiam

292 3197 329 3271 in
347 3201 444 3272 omni
458 3201 587 3274 tabulae
597 3204 745 3276 consilio
756 3226 862 3297 quam
877 3204 912 3273 in
928 3225 998 3274 uno
1010 3213 1072 3274 aut
1083 3203 1195 3273 altero
1209 3201 1305 3292 ejus·

292 3327 374 3400 dem
396 3339 555 3403 truncato
578 3353 683 3404 versu
702 3330 777 3428 (ῆς
793 3332 949 3426 denique
971 3333 1000 3402 si
1016 3331 1160 3425 quando
1176 3329 1212 3399 id
1227 3327 1304 3398 fieri

293 3454 569 3548 potuerit‚quod
588 3477 674 3528 sane
692 3477 773 3528 raro
793 3455 927 3543 evenit,
950 3455 996 3526 ad
1013 3453 1142 3525 labulae
1161 3462 1303 3524 aetatem

290 3589 347 3652 est
377 3582 651 3676 respiciendum.
673 3583 721 3654 Ea
748 3606 834 3656 vere
862 3604 956 3656 nova
976 3582 1117 3674 legendi
1142 3581 1304 3653 adhibita

293 3703 429 3777 ratione
445 3715 481 3778 et
495 3705 663 3800 Euripide
680 3707 716 3778 in
735 3728 820 3778 suos
834 3728 951 3779 mores
969 3727 1142 3800 suamque
1159 3715 1301 3778 aetatem

330 4035 368 4106 (l)
378 4035 454 4094 Vide
463 4054 550 4112 quam
559 4039 688 4113 strigosi,
700 4055 786 4112 qnam
796 4040 937 4108 elumbes,
946 4058 1033 4113 quam
1041 4041 1106 4097 lalsi
1116 4041 1240 4112 denique
1249 4057 1302 4112 ap-

293 4139 422 4202 pareant,
433 4139 459 4192 si
469 4137 641 4210 fragmentis
651 4139 714 4194 suis
724 4138 913 4206 aestimentur,
922 4138 1080 4212 AEschylus
1091 4144 1120 4195 et
1130 4137 1301 4210 Sophocles.

334 4227 368 4301 a>
382 4229 428 4290 cf.
442 4231 568 4302 Lttblser,
588 4233 636 4293 ur.
653 4238 764 4308 Eurip„
779 4236 815 4293 de
830 4235 1035 4302 Schneithero,
1050 4254 1081 4309 p.
1097 4236 1122 4292 4.
