3250 5120
657 492 863 576 ¹-rr-

276 632 346 727 fult
358 630 546 718 devinciri,
559 629 739 701 omniasio
754 629 977 700 currentibus
993 631 1152 704 lusorum
1169 634 1289 702 stami-

277 730 605 843 nibusdeoernifflt
616 765 768 838 acturae,
781 775 892 846 quum
903 774 1006 848 paene
1017 754 1105 824 nihil
1117 766 1179 826 aut
1190 767 1289 827 certe

276 900 400 974 parum
417 879 507 950 iniis
527 879 632 950 situm
645 879 705 964 sit,
717 878 776 948 vel
786 879 1022 949 maximorum
1038 879 1212 950 scelerum
1228 881 1300 952 vix·

276 1009 431 1102 aliquam
451 1029 592 1102 poenam
614 1007 745 1080 debere
765 1007 955 1078 videantur
975 1005 1045 1104 (l).
1060 1007 1148 1091 Quae
1167 1009 1294 1103 opinio

276 1148 312 1210 et
330 1139 550 1231 singularum
579 1137 832 1228 tragoediarum
853 1135 1015 1229 pluribus
1045 1137 1133 1208 loeis
1152 1147 1188 1209 et
1206 1137 1289 1209 uni·

276 1285 379 1336 versa
398 1274 619 1336 servatarum
636 1263 756 1334 indole
772 1285 843 1334 non
856 1283 951 1354 aegre
970 1262 1137 1354 redargui
1154 1273 1286 1358 potest.

274 1387 440 1461 Restituit
472 1389 616 1483 quidem
649 1389 762 1459 solida
790 1397 825 1459 et
852 1388 1008 1458 dilucida
1038 1389 1287 1461 dissertatione

275 1513 336 1604 (De
351 1514 558 1606 religionibus
570 1513 732 1584 Orestiom
743 1510 1289 1609 continentibus)Naegelsbachius

251 1629 252 1632 '
274 1639 421 1710 liberam
439 1639 594 1711 hominis
611 1640 648 1708 in
667 1639 806 1731 agendo
818 1639 1039 1710 voluntatem
1052 1635 1109 1736 (2)
1121 1639 1289 1732 illamque

274 1767 374 1840 velut
402 1779 483 1861 post
510 1768 654 1860 longum
684 1767 848 1839 exsilium
875 1769 972 1860 Justo
1004 1769 1221 1862 postliminio
1252 1769 1288 1838 in

273 1891 495 1986 AEsohpleam
517 1893 724 1984 tragoediam
745 1893 1026 1984 redintegravit,
1049 1915 1181 1964 numen
1202 1894 1285 1974 deo

273 2037 351 2087 rum
372 2038 413 2088 ao
432 2017 692 2110 providentiam
708 2017 895 2088 certiorem
915 2017 951 2086 in
972 2018 1015 2087 iis
1033 2017 1218 2106 stabilivit,
1236 2017 1252 2086 f
1273 2057 1285 2070 ·

273 2152 346 2214 tum
368 2164 454 2214 vero
473 2144 585 2236 quod,
600 2144 761 2234 neglecto
779 2141 979 2214 Aristotelis
995 2143 1150 2231 silentio,
1167 2144 1202 2213 in
1220 2143 1289 2214 hou

275 2289 386 2360 regno
404 2268 488 2340 olim
507 2269 682 2340 dominari
703 2268 931 2358 dictitabant,
956 2277 1057 2338 extra
1076 2289 1230 2340 soaenam
1247 2289 1288 2340 ae

276 2399 431 2468 maxime
451 2410 552 2470 extra
570 2418 800 2491 personarum
822 2407 976 2468 mentem
1003 2397 1191 2490 relegavit,
1210 2397 1289 2468 sive

273 2521 309 2592 in
330 2544 407 2593 eam
428 2535 563 2617 partem
589 2544 706 2594 rerum
734 2523 1009 2594 adventitiarum
1029 2521 1159 2614 quibus
1179 2521 1286 2592 homo

273 2669 345 2720 nun
364 2649 539 2720 inservire
557 2649 693 2741 nequit,
711 2649 789 2719 sive
808 2649 844 2717 iu
862 2649 997 2740 aliquot
1009 2647 1174 2717 historias
1189 2645 1286 2717 unde

272 2773 458 2864 tragoedia,
476 2773 657 2865 paulisper
678 2771 752 2841 illio
770 2771 815 2842 ad
833 2771 978 2862 stirpem
1000 2771 1098 2842 velut
1115 2771 1284 2859 enutrita,

273 2920 357 2970 mox
379 2897 524 2991 proprio
544 2897 765 2967 incremento
789 2894 910 2967 adulta
937 2895 973 2964 in
1003 2896 1117 2966 solum
1139 2894 1285 2966 liberius

272 3043 459 3115 erumpere
490 3021 724 3115 purioresque
754 3019 790 3088 in
814 3040 919 3090 auras
945 3041 1091 3112 surgere
1118 3042 1285 3114 propera·

271 3149 326 3219 vit
347 3145 415 3244 (3).
437 3146 605 3217 Eamdem
625 3145 836 3217 sententiam
855 3144 1017 3238 pluribus
1036 3145 1208 3240 exemplis
1228 3166 1285 3216 ar·

309 3457 343 3527 (ll
362 3457 457 3527 Patin,
477 3455 538 3521 t.1‚
555 3457 600 3512 37.
619 3496 650 3532 ·.··
666 3453 908 3526 Quelqueloisles
922 3452 1287 3526 personnagesd’Eschyle

270 3571 303 3612 se
318 3557 439 3611 luissent
453 3559 598 3626 emporter
613 3556 630 3608 a
645 3553 697 3608 des
712 3559 792 3608 actes
807 3552 894 3606 d’une
914 3555 1034 3606 eruaute
1049 3553 1199 3622 foroenee,
1216 3569 1286 3609 saus

269 3653 355 3725 qu'on
361 3655 453 3723 pulsae
467 3654 527 3707 uuir
543 3655 601 3706 blau
615 3654 776 3706 elatrement
791 3649 853 3704 s’ils
869 3650 1018 3705 obessent
1033 3653 1050 3704 a
1064 3652 1091 3705 la
1105 3651 1235 3706 violence
1250 3653 1285 3708 de

270 3767 309 3808 ou
323 3755 341 3808 a
353 3750 550 3822 l’impdrieuse
564 3750 680 3804 volente
695 3748 733 3804 du
749 3749 855 3803 destin.
869 3747 944 3814 Quoi
956 3745 1025 3820 qu'il
1040 3765 1076 3804 en
1091 3749 1158 3814 soit,
1172 3753 1232 3824 leus
1247 3753 1284 3806 tr·-

270 3851 343 3906 berlt
355 3851 461 3904 morule
475 3853 513 3902 est
524 3848 705 3903 enudatam...

306 3949 344 4018 (t)
361 3945 475 4003 confer.
493 3945 624 4016 Dinges,
640 3947 677 4001 De
693 3945 792 4000 diuino
810 3959 925 4012 rarum,
942 3951 1009 4010 ete..
1026 3965 1056 4019 p.
1073 3948 1098 4015 1,
1116 3947 1146 4012 9,
1165 3947 1216 4011 lo,
1234 3947 1281 4013 16,

270 4051 341 4113 ext,
357 4053 387 4102 et
401 4044 581 4116 Bernhardy,
598 4052 618 4099 t.
635 4043 661 4113 3,
678 4062 707 4116 p.
720 4044 784 4100 248.
990 4063 992 4068 ’

309 4143 343 4212 (a)
365 4143 446 4200 idem
465 4150 566 4200 auctor
589 4141 696 4200 scitum
711 4141 916 4198 Bartholomaei
939 4145 1032 4200 nostri
1049 4143 1143 4215 (chop.
1166 4143 1210 4198 ll.
1226 4141 1280 4198 Ed.
