<?xml version="1.0" encoding="UTF-8"?>
<!DOCTYPE html PUBLIC "-//W3C//DTD XHTML 1.0 Transitional//EN"
    "http://www.w3.org/TR/xhtml1/DTD/xhtml1-transitional.dtd">
<html xmlns="http://www.w3.org/1999/xhtml" xml:lang="en" lang="en">
 <head>
  <title>
</title>
<meta http-equiv="Content-Type" content="text/html;charset=utf-8" />
  <meta name='ocr-system' content='tesseract 3.04.00' />
  <meta name='ocr-capabilities' content='ocr_page ocr_carea ocr_par ocr_line ocrx_word'/>
</head>
<body>
  <div class='ocr_page' id='page_1' title='image "./devaticinatione00thomgoog_0081.png"; bbox 0 0 3254 5112; ppageno 0'>
   <div class='ocr_carea' id='block_1_1' title="bbox 623 1445 1024 1522">
    <p class='ocr_par' dir='ltr' id='par_1_1' title="bbox 623 1445 1024 1522">
     <span class='ocr_line' id='line_1_1' title="bbox 623 1445 1024 1522; baseline 0.002 -1"><span class='ocrx_word' id='word_1_1' title='bbox 623 1445 760 1521; x_wconf 79' lang='lat' dir='ltr'><strong>CAPUT</strong></span> <span class='ocrx_word' id='word_1_2' title='bbox 782 1446 1024 1522; x_wconf 73' lang='lat' dir='ltr'><strong>succubuit.</strong></span> 
     </span>
    </p>
   </div>
   <div class='ocr_carea' id='block_1_2' title="bbox 721 1772 924 1828">
    <p class='ocr_par' dir='ltr' id='par_1_2' title="bbox 721 1772 924 1828">
     <span class='ocr_line' id='line_1_2' title="bbox 721 1772 924 1828; baseline -0.005 -2"><span class='ocrx_word' id='word_1_3' title='bbox 721 1772 924 1828; x_wconf 72' lang='lat' dir='ltr'>SOPHOGLBS.</span> 
     </span>
    </p>
   </div>
   <div class='ocr_carea' id='block_1_3' title="bbox 450 2055 1204 2400">
    <p class='ocr_par' dir='ltr' id='par_1_3' title="bbox 450 2055 1204 2400">
     <span class='ocr_line' id='line_1_3' title="bbox 780 2055 869 2148; baseline 0.022 -23"><span class='ocrx_word' id='word_1_4' title='bbox 780 2056 806 2148; x_wconf 88' lang='lat'>§</span> <span class='ocrx_word' id='word_1_5' title='bbox 833 2055 869 2127; x_wconf 90' lang='lat' dir='ltr'><strong>l.</strong></span> 
     </span>
     <span class='ocr_line' id='line_1_4' title="bbox 450 2304 1204 2400; baseline -0.003 -22"><span class='ocrx_word' id='word_1_6' title='bbox 450 2304 538 2392; x_wconf 79' lang='lat' dir='ltr'><strong>Quid</strong></span> <span class='ocrx_word' id='word_1_7' title='bbox 553 2305 592 2378; x_wconf 85' lang='lat' dir='ltr'><strong>de</strong></span> <span class='ocrx_word' id='word_1_8' title='bbox 609 2305 812 2378; x_wconf 69' lang='lat' dir='ltr'><strong>dimicatione</strong></span> <span class='ocrx_word' id='word_1_9' title='bbox 830 2305 1001 2400; x_wconf 72' lang='lat' dir='ltr'><strong>Sophoclea</strong></span> <span class='ocrx_word' id='word_1_10' title='bbox 1018 2305 1204 2399; x_wconf 69' lang='lat' dir='ltr'><strong>pmtobnt.</strong></span> 
     </span>
    </p>
   </div>
   <div class='ocr_carea' id='block_1_4' title="bbox 277 2553 1343 3904">
    <p class='ocr_par' dir='ltr' id='par_1_4' title="bbox 277 2553 1343 3904">
     <span class='ocr_line' id='line_1_5' title="bbox 355 2553 1340 2649; baseline 0 -22"><span class='ocrx_word' id='word_1_11' title='bbox 355 2555 402 2627; x_wconf 49' lang='lat' dir='ltr'><strong>‘si</strong></span> <span class='ocrx_word' id='word_1_12' title='bbox 418 2554 499 2649; x_wconf 91' lang='lat' dir='ltr'><strong>quis</strong></span> <span class='ocrx_word' id='word_1_13' title='bbox 516 2555 563 2627; x_wconf 91' lang='lat' dir='ltr'><strong>ab</strong></span> <span class='ocrx_word' id='word_1_14' title='bbox 582 2553 747 2649; x_wconf 79' lang='lat' dir='ltr'><strong>AEscbylo</strong></span> <span class='ocrx_word' id='word_1_15' title='bbox 760 2555 879 2627; x_wconf 91' lang='lat' dir='ltr'><strong>statim</strong></span> <span class='ocrx_word' id='word_1_16' title='bbox 901 2555 1068 2626; x_wconf 81' lang='lat' dir='ltr'><strong>transibit</strong></span> <span class='ocrx_word' id='word_1_17' title='bbox 1089 2555 1135 2626; x_wconf 89' lang='lat' dir='ltr'><strong>ad</strong></span> <span class='ocrx_word' id='word_1_18' title='bbox 1152 2554 1340 2649; x_wconf 88' lang='lat' dir='ltr'><strong>Sophoclis</strong></span> 
     </span>
     <span class='ocr_line' id='line_1_6' title="bbox 322 2679 1339 2775; baseline 0 -23"><span class='ocrx_word' id='word_1_19' title='bbox 322 2679 474 2770; x_wconf 83' lang='lat' dir='ltr'><strong>tabutas,</strong></span> <span class='ocrx_word' id='word_1_20' title='bbox 498 2701 673 2773; x_wconf 83' lang='lat' dir='ltr'><strong>nusquam</strong></span> <span class='ocrx_word' id='word_1_21' title='bbox 690 2700 771 2750; x_wconf 88' lang='lat' dir='ltr'><strong>eum</strong></span> <span class='ocrx_word' id='word_1_22' title='bbox 802 2679 915 2772; x_wconf 80' lang='lat' dir='ltr'><strong>fugiet</strong></span> <span class='ocrx_word' id='word_1_23' title='bbox 941 2679 1000 2751; x_wconf 89' lang='lat' dir='ltr'><strong>vel</strong></span> <span class='ocrx_word' id='word_1_24' title='bbox 1026 2701 1072 2752; x_wconf 88' lang='lat' dir='ltr'><strong>ex</strong></span> <span class='ocrx_word' id='word_1_25' title='bbox 1093 2680 1207 2775; x_wconf 90' lang='lat' dir='ltr'><strong>primo</strong></span> <span class='ocrx_word' id='word_1_26' title='bbox 1228 2682 1339 2752; x_wconf 88' lang='lat' dir='ltr'><strong>lerme</strong></span> 
     </span>
     <span class='ocr_line' id='line_1_7' title="bbox 322 2803 1338 2898; baseline -0.001 -21"><span class='ocrx_word' id='word_1_27' title='bbox 322 2826 431 2878; x_wconf 85' lang='lat' dir='ltr'><strong>uersu</strong></span> <span class='ocrx_word' id='word_1_28' title='bbox 450 2825 471 2876; x_wconf 85' lang='lat' dir='ltr'><strong>u</strong></span> <span class='ocrx_word' id='word_1_29' title='bbox 490 2804 684 2897; x_wconf 83' lang='lat' dir='ltr'>grandibus</span> <span class='ocrx_word' id='word_1_30' title='bbox 709 2804 872 2898; x_wconf 87' lang='lat' dir='ltr'><strong>personis</strong></span> <span class='ocrx_word' id='word_1_31' title='bbox 892 2814 928 2876; x_wconf 91' lang='lat' dir='ltr'><strong>et</strong></span> <span class='ocrx_word' id='word_1_32' title='bbox 946 2804 1091 2876; x_wconf 86' lang='lat' dir='ltr'><strong>sublimi</strong></span> <span class='ocrx_word' id='word_1_33' title='bbox 1117 2805 1278 2878; x_wconf 90' lang='lat' dir='ltr'><strong>oratione</strong></span> <span class='ocrx_word' id='word_1_34' title='bbox 1291 2803 1338 2876; x_wconf 84' lang='lat' dir='ltr'><strong>ud</strong></span> 
     </span>
     <span class='ocr_line' id='line_1_8' title="bbox 320 2929 1340 3023; baseline 0.002 -24"><span class='ocrx_word' id='word_1_35' title='bbox 320 2929 496 3022; x_wconf 81' lang='lat' dir='ltr'><strong>quietiora</strong></span> <span class='ocrx_word' id='word_1_36' title='bbox 512 2929 654 3021; x_wconf 80' lang='lat' dir='ltr'><strong>ingenia</strong></span> <span class='ocrx_word' id='word_1_37' title='bbox 671 2938 707 3001; x_wconf 92' lang='lat' dir='ltr'><strong>et</strong></span> <span class='ocrx_word' id='word_1_38' title='bbox 723 2929 909 3001; x_wconf 91' lang='lat' dir='ltr'><strong>remissum</strong></span> <span class='ocrx_word' id='word_1_39' title='bbox 937 2929 1213 3023; x_wconf 78' lang='lat' dir='ltr'><strong>elegantiusque</strong></span> <span class='ocrx_word' id='word_1_40' title='bbox 1228 2950 1340 3021; x_wconf 83' lang='lat' dir='ltr'><strong>genus</strong></span> 
     </span>
     <span class='ocr_line' id='line_1_9' title="bbox 320 3052 1342 3148; baseline 0 -22"><span class='ocrx_word' id='word_1_41' title='bbox 320 3052 559 3126; x_wconf 81' lang='lat' dir='ltr'><strong>descendisse.</strong></span> <span class='ocrx_word' id='word_1_42' title='bbox 578 3054 713 3148; x_wconf 80' lang='lat' dir='ltr'><strong>Ecquid</strong></span> <span class='ocrx_word' id='word_1_43' title='bbox 731 3076 819 3126; x_wconf 85' lang='lat' dir='ltr'><strong>vero</strong></span> <span class='ocrx_word' id='word_1_44' title='bbox 842 3056 878 3126; x_wconf 94' lang='lat' dir='ltr'><strong>in</strong></span> <span class='ocrx_word' id='word_1_45' title='bbox 899 3056 1099 3127; x_wconf 81' lang='lat' dir='ltr'><strong>recentiore</strong></span> <span class='ocrx_word' id='word_1_46' title='bbox 1115 3055 1161 3126; x_wconf 89' lang='lat' dir='ltr'><strong>sit</strong></span> <span class='ocrx_word' id='word_1_47' title='bbox 1179 3055 1342 3126; x_wconf 88' lang='lat' dir='ltr'><strong>immuta-</strong></span> 
     </span>
     <span class='ocr_line' id='line_1_10' title="bbox 322 3179 1339 3278; baseline -0.001 -23"><span class='ocrx_word' id='word_1_48' title='bbox 322 3179 411 3271; x_wconf 83' lang='lat' dir='ltr'><strong>tn&#39;m,</strong></span> <span class='ocrx_word' id='word_1_49' title='bbox 428 3182 546 3275; x_wconf 88' lang='lat' dir='ltr'><strong>quoad</strong></span> <span class='ocrx_word' id='word_1_50' title='bbox 565 3182 610 3252; x_wconf 86' lang='lat' dir='ltr'><strong>ad</strong></span> <span class='ocrx_word' id='word_1_51' title='bbox 625 3184 815 3274; x_wconf 79' lang='lat' dir='ltr'><strong>reliptonem</strong></span> <span class='ocrx_word' id='word_1_52' title='bbox 833 3205 872 3253; x_wconf 89' lang='lat' dir='ltr'><strong>oe</strong></span> <span class='ocrx_word' id='word_1_53' title='bbox 888 3186 1071 3276; x_wconf 80' lang='lat' dir='ltr'><strong>popularet</strong></span> <span class='ocrx_word' id='word_1_54' title='bbox 1089 3184 1165 3254; x_wconf 85' lang='lat' dir='ltr'><strong>deos</strong></span> <span class='ocrx_word' id='word_1_55' title='bbox 1178 3189 1339 3278; x_wconf 75' lang='lat' dir='ltr'><strong>pertinet,</strong></span> 
     </span>
     <span class='ocr_line' id='line_1_11' title="bbox 277 3299 1343 3401; baseline -0.003 -20"><span class='ocrx_word' id='word_1_56' title='bbox 277 3299 279 3310; x_wconf 78' lang='grc'><strong>’</strong></span> <span class='ocrx_word' id='word_1_57' title='bbox 323 3306 479 3381; x_wconf 85' lang='lat' dir='ltr'><strong>dubitari</strong></span> <span class='ocrx_word' id='word_1_58' title='bbox 490 3306 592 3379; x_wconf 88' lang='lat' dir='ltr'><strong>solet.</strong></span> <span class='ocrx_word' id='word_1_59' title='bbox 606 3306 817 3401; x_wconf 90' lang='lat' dir='ltr'><strong>Plerumque</strong></span> <span class='ocrx_word' id='word_1_60' title='bbox 830 3329 902 3379; x_wconf 95' lang='lat' dir='ltr'><strong>uno</strong></span> <span class='ocrx_word' id='word_1_61' title='bbox 909 3307 1048 3398; x_wconf 88' lang='lat' dir='ltr'><strong>judicio</strong></span> <span class='ocrx_word' id='word_1_62' title='bbox 1057 3308 1246 3400; x_wconf 86' lang='lat' dir='ltr'><strong>conjunctu</strong></span> <span class='ocrx_word' id='word_1_63' title='bbox 1257 3308 1343 3378; x_wconf 86' lang='lat' dir='ltr'><strong>alle·</strong></span> 
     </span>
     <span class='ocr_line' id='line_1_12' title="bbox 324 3431 1340 3528; baseline -0.002 -23"><span class='ocrx_word' id='word_1_64' title='bbox 324 3442 449 3506; x_wconf 89' lang='lat' dir='ltr'><strong>runtur</strong></span> <span class='ocrx_word' id='word_1_65' title='bbox 465 3431 649 3526; x_wconf 90' lang='lat' dir='ltr'><strong>utriusque</strong></span> <span class='ocrx_word' id='word_1_66' title='bbox 661 3432 804 3504; x_wconf 89' lang='lat' dir='ltr'><strong>nomina</strong></span> <span class='ocrx_word' id='word_1_67' title='bbox 818 3431 891 3528; x_wconf 79' lang='lat' dir='ltr'><strong>(l);</strong></span> <span class='ocrx_word' id='word_1_68' title='bbox 910 3432 1045 3504; x_wconf 90' lang='lat' dir='ltr'><strong>scilicet</strong></span> <span class='ocrx_word' id='word_1_69' title='bbox 1059 3452 1123 3527; x_wconf 90' lang='lat' dir='ltr'><strong>par</strong></span> <span class='ocrx_word' id='word_1_70' title='bbox 1138 3431 1226 3502; x_wconf 93' lang='lat' dir='ltr'><strong>illud</strong></span> <span class='ocrx_word' id='word_1_71' title='bbox 1240 3453 1340 3525; x_wconf 79' lang='lat' dir='ltr'><strong>egre-</strong></span> 
     </span>
     <span class='ocr_line' id='line_1_13' title="bbox 325 3557 1341 3652; baseline 0 -24"><span class='ocrx_word' id='word_1_72' title='bbox 325 3557 422 3651; x_wconf 82' lang='lat' dir='ltr'><strong>gium</strong></span> <span class='ocrx_word' id='word_1_73' title='bbox 439 3569 621 3652; x_wconf 88' lang='lat' dir='ltr'><strong>poetarum</strong></span> <span class='ocrx_word' id='word_1_74' title='bbox 637 3567 673 3628; x_wconf 88' lang='lat' dir='ltr'><strong>et</strong></span> <span class='ocrx_word' id='word_1_75' title='bbox 689 3558 846 3629; x_wconf 87' lang='lat' dir='ltr'><strong>caruisse</strong></span> <span class='ocrx_word' id='word_1_76' title='bbox 865 3558 985 3652; x_wconf 91' lang='lat' dir='ltr'><strong>specie</strong></span> <span class='ocrx_word' id='word_1_77' title='bbox 1004 3580 1046 3629; x_wconf 85' lang='lat' dir='ltr'><strong>ac</strong></span> <span class='ocrx_word' id='word_1_78' title='bbox 1065 3557 1123 3630; x_wconf 92' lang='lat' dir='ltr'><strong>vel</strong></span> <span class='ocrx_word' id='word_1_79' title='bbox 1138 3559 1341 3652; x_wconf 86' lang='lat' dir='ltr'><strong>suspicione</strong></span> 
     </span>
     <span class='ocr_line' id='line_1_14' title="bbox 326 3683 1343 3779; baseline 0 -25"><span class='ocrx_word' id='word_1_80' title='bbox 326 3683 411 3754; x_wconf 92' lang='lat' dir='ltr'><strong>belli</strong></span> <span class='ocrx_word' id='word_1_81' title='bbox 426 3683 472 3754; x_wconf 86' lang='lat' dir='ltr'><strong>ab</strong></span> <span class='ocrx_word' id='word_1_82' title='bbox 489 3683 656 3778; x_wconf 84' lang='lat' dir='ltr'><strong>Euripide</strong></span> <span class='ocrx_word' id='word_1_83' title='bbox 671 3684 845 3756; x_wconf 87' lang='lat' dir='ltr'><strong>aduersus</strong></span> <span class='ocrx_word' id='word_1_84' title='bbox 859 3683 962 3777; x_wconf 80' lang='lat' dir='ltr'><strong>vulgi</strong></span> <span class='ocrx_word' id='word_1_85' title='bbox 978 3685 1249 3779; x_wconf 87' lang='lat' dir='ltr'><strong>superstitiones</strong></span> <span class='ocrx_word' id='word_1_86' title='bbox 1262 3705 1343 3755; x_wconf 90' lang='lat' dir='ltr'><strong>sus·</strong></span> 
     </span>
     <span class='ocr_line' id='line_1_15' title="bbox 325 3786 1343 3904; baseline -0.002 -25"><span class='ocrx_word' id='word_1_87' title='bbox 325 3806 437 3901; x_wconf 87' lang='lat' dir='ltr'><strong>cepti,</strong></span> <span class='ocrx_word' id='word_1_88' title='bbox 472 3816 507 3880; x_wconf 91' lang='lat' dir='ltr'><strong>et</strong></span> <span class='ocrx_word' id='word_1_89' title='bbox 535 3818 629 3880; x_wconf 81' lang='lat' dir='ltr'><strong>stare</strong></span> <span class='ocrx_word' id='word_1_90' title='bbox 658 3786 754 3902; x_wconf 86' lang='lat' dir='ltr'><strong>apud</strong></span> <span class='ocrx_word' id='word_1_91' title='bbox 783 3807 1058 3903; x_wconf 78' lang='lat' dir='ltr'><strong>Aristophanem</strong></span> <span class='ocrx_word' id='word_1_92' title='bbox 1088 3807 1217 3904; x_wconf 71' lang='lat' dir='ltr'><strong>(llum,</strong></span> <span class='ocrx_word' id='word_1_93' title='bbox 1254 3805 1343 3904; x_wconf 80' lang='lat'>790)</span> 
     </span>
    </p>
   </div>
   <div class='ocr_carea' id='block_1_5' title="bbox 327 4089 1342 4266">
    <p class='ocr_par' dir='ltr' id='par_1_5' title="bbox 327 4089 1342 4266">
     <span class='ocr_line' id='line_1_16' title="bbox 363 4089 1342 4167; baseline 0.001 -19"><span class='ocrx_word' id='word_1_94' title='bbox 363 4092 402 4164; x_wconf 86' lang='lat' dir='ltr'><strong>(l)</strong></span> <span class='ocrx_word' id='word_1_95' title='bbox 429 4089 474 4148; x_wconf 88' lang='lat' dir='ltr'><strong>De</strong></span> <span class='ocrx_word' id='word_1_96' title='bbox 497 4091 604 4164; x_wconf 83' lang='lat' dir='ltr'><strong>pietate</strong></span> <span class='ocrx_word' id='word_1_97' title='bbox 625 4090 778 4165; x_wconf 84' lang='lat' dir='ltr'><strong>Sophoclis</strong></span> <span class='ocrx_word' id='word_1_98' title='bbox 800 4092 866 4149; x_wconf 87' lang='lat' dir='ltr'><strong>vide</strong></span> <span class='ocrx_word' id='word_1_99' title='bbox 887 4091 965 4152; x_wconf 83' lang='lat' dir='ltr'><strong>Phil.</strong></span> <span class='ocrx_word' id='word_1_100' title='bbox 988 4093 1112 4167; x_wconf 78' lang='lat' dir='ltr'><strong>Ditges,</strong></span> <span class='ocrx_word' id='word_1_101' title='bbox 1134 4096 1171 4150; x_wconf 87' lang='lat' dir='ltr'><strong>lle</strong></span> <span class='ocrx_word' id='word_1_102' title='bbox 1191 4095 1283 4164; x_wconf 82' lang='lat' dir='ltr'><strong>fati...</strong></span> <span class='ocrx_word' id='word_1_103' title='bbox 1308 4094 1342 4159; x_wconf 85' lang='lat' dir='ltr'><strong>l.</strong></span> 
     </span>
     <span class='ocr_line' id='line_1_17' title="bbox 327 4189 1108 4266; baseline 0 -19"><span class='ocrx_word' id='word_1_104' title='bbox 327 4207 473 4264; x_wconf 87' lang='lat' dir='ltr'><strong>quemque</strong></span> <span class='ocrx_word' id='word_1_105' title='bbox 487 4189 583 4247; x_wconf 86' lang='lat' dir='ltr'><strong>laudat</strong></span> <span class='ocrx_word' id='word_1_106' title='bbox 597 4190 644 4246; x_wconf 92' lang='lat' dir='ltr'><strong>ille</strong></span> <span class='ocrx_word' id='word_1_107' title='bbox 656 4189 759 4257; x_wconf 81' lang='lat' dir='ltr'><strong>Jacob,</strong></span> <span class='ocrx_word' id='word_1_108' title='bbox 777 4189 876 4260; x_wconf 71' lang='lat' dir='ltr'><strong>Queat.</strong></span> <span class='ocrx_word' id='word_1_109' title='bbox 890 4191 982 4264; x_wconf 73' lang='lat' dir='ltr'><strong>Sepla,</strong></span> <span class='ocrx_word' id='word_1_110' title='bbox 998 4210 1028 4266; x_wconf 93' lang='lat' dir='ltr'><strong>p.</strong></span> <span class='ocrx_word' id='word_1_111' title='bbox 1045 4192 1108 4249; x_wconf 81' lang='lat'><strong>351.</strong></span> 
     </span>
    </p>
   </div>
   <div class='ocr_carea' id='block_1_6' title="bbox 0 0 1645 5112">
    <p class='ocr_par' dir='ltr' id='par_1_6' title="bbox 0 0 1645 5112">
     <span class='ocr_line' id='line_1_18' title="bbox 0 0 1645 5112; baseline 0 0"><span class='ocrx_word' id='word_1_112' title='bbox 0 0 1645 5112; x_wconf 95' lang='lat' dir='ltr'><strong> </strong></span> 
     </span>
    </p>
   </div>
  </div>
 </body>
</html>
