3254 5112
715 519 873 585 ..51-

295 661 340 732 dc
357 660 462 731 rebus
477 657 644 730 humanis
671 658 832 752 queritur
847 679 936 752 quas
950 681 1157 753 permagnus
1174 662 1298 733 umbra

290 784 437 870 evertit,
466 795 593 855 tenues
625 781 682 880 (l)
712 783 811 855 velut
838 783 1022 878 scripturae
1052 784 1180 857 lineam
1205 787 1299 877 jacta

292 909 441 1003 spongia
460 908 618 997 sustulit,
632 907 728 1001 quod
748 906 892 1001 quidem
912 920 966 979 est
986 909 1095 982 multo
1115 910 1298 982 miserabi-

289 1033 371 1104 lius.
394 1033 545 1117 Querela
571 1042 689 1104 autem
716 1033 775 1136 illp
802 1055 874 1104 non
895 1033 1162 1107 vaticinantium
1192 1036 1299 1108 modo

288 1156 580 1230 consuetudinem
601 1165 714 1246 tenet,
737 1178 888 1252 quorum
905 1157 1016 1228 verba
1037 1169 1149 1230 morte
1171 1180 1299 1254 appro-

289 1287 482 1381 pinquante
499 1309 571 1359 non
588 1286 634 1358 ad
654 1308 764 1358 unnm
776 1287 840 1357 sed
856 1286 902 1357 ad
915 1308 1038 1359 omnes
1054 1288 1232 1382 pertinent
1243 1285 1298 1385 (2)

290 1411 463 1504 (dolorem
479 1413 573 1483 enim
590 1436 608 1480 u
625 1421 664 1482 ut
680 1412 776 1483 levat
795 1411 831 1482 in
851 1433 975 1505 parva,
989 1423 1096 1504 auget
1116 1413 1151 1483 in
1172 1433 1299 1506 magna

290 1548 406 1609 mente
425 1536 622 1610 communis
641 1537 743 1630 quasi
770 1535 858 1629 legis
875 1546 911 1608 et
931 1535 1097 1610 hnmanae
1125 1538 1298 1610 conditio·

289 1660 343 1731 nis
361 1661 558 1734 recordatio
581 1660 643 1756 r),
670 1660 859 1732 sedetiam
879 1661 975 1753 quod
994 1660 1126 1734 Graecis
1146 1663 1300 1734 maxime

289 1785 467 1879 placebat,
488 1785 760 1858 concitationem
790 1807 931 1857 omnem
958 1785 1068 1857 animi
1097 1787 1300 1860 consedisse

288 1911 460 2002 ostendit,
483 1921 673 2004 vatemque
702 1932 815 2004 nuper
834 1912 904 1982 deo
928 1911 1114 2004 gravidam
1145 1933 1239 1983 nunc
1257 1932 1300 1985 eo

289 2036 442 2107 liberari.
473 2035 557 2108 Mox
580 2034 670 2106 fiunt
689 2036 849 2108 nuntiata
874 2035 1078 2108 intermisso
1104 2036 1178 2108 lere
1197 2015 1295 2108 nullo

289 2161 456 2255 temporis
471 2162 586 2256 spatio
601 2162 692 2234 inter
711 2161 824 2233 verba
844 2171 880 2232 et
900 2183 989 2250 rem,
1005 2171 1066 2231 aut
1088 2170 1126 2231 ut
1140 2159 1198 2231 bic
1214 2181 1301 2232 vere

287 2285 443 2380 dicatur,
465 2287 558 2357 inter
580 2309 664 2357 cocco
691 2296 727 2357 et
748 2295 922 2380 porreotc5
942 2285 1060 2357 omnia
1083 2295 1300 2378 peraguntur

288 2431 368 2504 quae
391 2411 468 2482 sive
486 2411 552 2504 ipsi
572 2410 851 2502 augurabantur,
869 2409 946 2480 sive
971 2430 991 2479 a
1015 2407 1212 2480 Cassandra
1235 2429 1299 2478 au-

287 2535 426 2606 dierant
444 2557 548 2608 senes
568 2534 694 2628 (1188,
716 2534 924 2632 occuparem),
943 2556 1031 2628 gens
1048 2534 1174 2606 infelix
1192 2532 1297 2604 simul

287 2669 323 2731 et
361 2661 531 2732 scelerata
563 2660 694 2732 mutuis
727 2661 886 2732 caedibus
928 2660 1085 2731 nondum
1121 2655 1228 2731 desiit
1261 2677 1300 2730 sc

292 2807 424 2857 vexare
442 2783 585 2880 (1678),
604 2786 749 2878 jamque
774 2785 919 2856 domum
946 2783 1059 2876 quatit
1080 2781 1195 2854 imber
1218 2802 1299 2852 san·

287 2909 437 3001 guineus
457 2908 597 3005 (1633).

337 3035 388 3104 Dc
413 3034 506 3105 cltorc
532 3032 621 3103 nihil
643 3015 799 3105 diximus
828 3031 888 3126 qui
917 3030 1049 3123 dialogi
1069 3032 1137 3102 lert
1152 3029 1298 3103 alteram

288 3170 419 3252 partem
438 3170 473 3230 et
486 3158 755 3254 Mycenensium
775 3155 947 3251 populum
968 3166 1212 3249 repraesentat.
1228 3154 1300 3224 Pri-

286 3309 381 3359 mum
397 3288 461 3360 vix
477 3309 647 3382 agnoscas
667 3287 766 3359 illum
785 3284 847 3379 qui
869 3306 981 3379 nuper
999 3285 1034 3354 in
1055 3284 1171 3355 media
1188 3283 1297 3355 viclo·

321 3568 356 3641 (1)
374 3568 479 3625 Totum
494 3571 590 3627 locum
599 3568 729 3626 Weilius
743 3566 890 3639 abjudicat
907 3565 1076 3622 Cassandrae
1090 3563 1194 3636 datque
1209 3563 1297 3619 choro

286 3669 429 3723 immerito
443 3683 507 3723 mea
529 3667 646 3740 quidem
665 3666 810 3722 sententia
828 3663 936 3732 (Editio
958 3669 988 3719 et
1000 3663 1120 3718 Journal
1136 3666 1195 3732 odo.
1212 3665 1295 3718 lustr.

284 3765 362 3836 pub,
379 3764 467 3832 1860,
483 3782 512 3836 p.
530 3764 603 3831 188).
618 3793 654 3806 --
668 3762 774 3818 Confer
794 3761 973 3835 paupertatis
994 3759 1123 3826 laudem,
1140 3761 1169 3814 in
1186 3761 1239 3816 bac
1255 3760 1297 3815 la-

288 3862 354 3918 bula
368 3861 437 3928 711,
454 3861 534 3918 etde
550 3878 616 3919 sera
630 3861 729 3934 populi
746 3860 864 3930 ultione,
880 3859 959 3926 ibid„
972 3857 1035 3927 156,
1051 3857 1129 3924 1100,
1147 3857 1225 3914 1616.

321 3967 361 4039 (1)
378 3964 421 4022 01.
437 3961 558 4028 Herod,
574 3963 599 4018 1.
615 3962 649 4019 86
660 3985 667 4030 ;
679 3959 781 4032 Soph,
797 3958 837 4030 fg.
854 3961 926 4028 Alco
939 3959 1026 4028 lucr„
1038 3957 1100 4023 150,
1114 3961 1144 4013 01
1154 3961 1298 4012 extremas

286 4066 406 4122 deorum
416 4061 573 4130 orationes,
588 4061 691 4136 Sopb„
702 4061 784 4132 1100,
802 4057 850 4114 131
863 4075 900 4123 s.;
911 4057 1037 4122 Philoct„
1055 4057 1123 4112 1110
1133 4071 1170 4122 s.;
1185 4053 1296 4127 liudp„

291 4165 398 4231 Trocd„
414 4165 448 4223 95
466 4181 504 4233 8.,
518 4169 574 4221 etc.
