3254 5112
737 515 896 580 ...50-

312 656 427 746 videt,
444 655 582 743 horret,
602 664 782 726 monstrat.
802 654 885 725 Haec
906 654 1072 744 eduntur,
1091 666 1129 726 ut
1147 655 1318 746 decebat,

312 783 458 854 infracta
474 781 653 870 oratione,
674 801 715 852 ac
737 779 855 850 multis
873 791 1035 851 constant
1055 781 1118 852 vix
1138 781 1320 854 cohaeren-

312 908 406 978 tibus
434 907 525 977 iuter
551 927 590 977 se
617 905 850 1000 imaginibus,
872 905 1001 998 quibus
1020 903 1240 999 fitquaedam
1271 906 1321 976 rei

312 1035 534 1120 taurianae,
560 1029 643 1099 hinc
670 1029 770 1122 quasi
795 1038 869 1098 tum
900 1029 1043 1099 demum
1071 1029 1187 1122 puella
1212 1029 1323 1100 verba

313 1154 433 1224 audiat
447 1174 524 1241 sua,
541 1163 767 1246 exponuntur
783 1172 909 1225 sensus
926 1153 987 1246 qui
1006 1153 1088 1223 talia
1105 1161 1317 1246 sequuntur,

314 1288 441 1367 metus,
454 1277 590 1366 odium,
608 1277 826 1371 desperati03
845 1287 880 1348 et
897 1300 1005 1371 quum
1023 1277 1165 1371 paulum
1182 1277 1320 1369 requie-

314 1401 366 1474 vit
383 1401 534 1489 animus,
552 1401 765 1493 adjiciuntur
782 1401 945 1494 quaedam
962 1399 1092 1472 deiide
1108 1401 1320 1494 quaeverbis

314 1527 390 1618 ejus
409 1526 598 1618 abrogatur
624 1521 754 1620 (rtet,
778 1523 890 1614 luae,
915 1523 1009 1596 ltro
1029 1524 1146 1621 ets).
1166 1525 1254 1596 Hinc
1270 1525 1322 1595 in-

314 1654 399 1748 cipit
423 1655 582 1748 pluribus
599 1655 763 1725 versibus
781 1676 861 1725 curn
880 1653 988 1726 choro
1005 1654 1186 1746 dialogus,
1206 1654 1320 1726 donec

315 1780 404 1851 deus
423 1799 562 1850 rursum
583 1788 735 1850 mentem
761 1779 921 1850 lacessat.
943 1778 1048 1848 -ln
1074 1779 1175 1849 tertia
1196 1778 1323 1848 iambi-

315 1926 435 1976 oorum
457 1903 556 1974 'serie
583 1903 731 1974 ultorem
761 1902 881 1975 mortis
913 1923 988 1974 suae
1017 1902 1259 1996 praenuutiat,
1291 1913 1329 1972 et'

315 2029 529 2118 sioutDido,
558 2031 720 2098 Ecorlore
736 2029 853 2120 aliquis
877 2027 1069 2118 exclamat3
1095 2028 1326 2122 parricidium

316 2154 437 2244 videt,
459 2154 520 2248 qui
540 2155 716 2226 maximus
736 2163 787 2226 tot
806 2153 948 2247 llagitiis
974 2155 1136 2225 cumulus
1160 2155 1324 2244 accedet;

317 2281 381 2353 sed
401 2280 445 2351 de
462 2281 596 2352 ultione
611 2281 774 2373 quamvis
790 2289 925 2373 aperte,
942 2281 1063 2374 paucis
1077 2289 1173 2351 certe
1192 2277 1324 2372 signifi·

316 2413 428 2490 catur,
439 2414 478 2474 ut
488 2403 626 2497 opinor,
638 2425 682 2474 ne
697 2403 927 2496 sequentibus
938 2403 1079 2493 sabulis,
1090 2425 1240 2497 quarum
1258 2403 1326 2475 hoo

317 2529 497 2623 proprium
518 2537 571 2598 est
590 2539 856 2623 argumentum,
876 2529 984 2599 nimio
1004 2529 1083 2622 plus
1104 2527 1325 2600 detrahatur.

317 2653 476 2745 Denique
502 2662 648 2723 mortem
669 2652 868 2744 indignata,
893 2653 1056 2745 quamvis
1077 2655 1164 2724 mori
1187 2663 1326 2748 parata,

275 2870 277 2874 Ι
319 2777 436 2848 omnia
456 2776 575 2867 abjicit
595 2777 654 2846 illa
676 2787 885 2849 ornamenta
914 2799 994 2871 quae
1017 2777 1102 2850 olim
1125 2780 1253 2849 lrustra
1272 2798 1329 2847 ar·

320 2908 389 2970 lem
416 2901 646 2989 testabantur,
667 2922 760 2972 nunc
780 2899 958 2995 Apollinis
985 2903 1128 2972 tutelam
1155 2900 1330 2972 mentiun-

320 3031 390 3093 tur.
411 3023 557 3094 -Post
584 3045 754 3118 cycneum
773 3021 902 3119 (llll)
922 3025 1010 3095 illud
1037 3046 1180 3096 carmen
1208 3027 1331 3118 epilogo

321 3169 409 3241 opus
440 3148 505 3218 luit
531 3170 636 3241 quem
668 3158 770 3241 poeta
799 3170 871 3220 nou
900 3151 1016 3222 minus
1050 3152 1220 3242 tragicum
1250 3151 1332 3222 fecit

321 3294 427 3367 quam
442 3273 641 3344 exordium.
657 3274 805 3345 Domum
816 3274 975 3366 ingressa
991 3275 1118 3366 refugit
1132 3274 1330 3346 Cassandra

323 3409 457 3493 portam
486 3399 581 3468 illam
610 3398 767 3469 Plutonis
800 3399 905 3492 paulo
938 3410 1020 3470 ante
1047 3397 1187 3495 (1291)
1216 3399 1329 3470 nomi-

322 3534 461 3612 natam,
484 3546 577 3595 nunc
596 3546 682 3596 vero
703 3534 741 3595 ut
765 3524 817 3595 illi
836 3524 980 3596 videtur
997 3546 1122 3596 cruore
1141 3525 1331 3595 stillantem

323 3659 517 3742 tetramque
532 3651 748 3722 emittentem
763 3671 885 3721 auram
898 3651 1154 3743 sepulcrorum.
1169 3649 1226 3720 Sic
1244 3670 1331 3744 pau·

324 3772 431 3868 lisper
456 3775 637 3846 reviviscit
664 3775 765 3867 virgo
791 3776 865 3867 jam
890 3775 1120 3847 conclamata.
1142 3774 1332 3866 Postquam

325 3909 441 3969 amen
461 3899 605 3970 chorum
631 3901 836 3972 constantiae
856 3922 948 3989 suae,
970 3902 1080 3972 solem
1101 3899 1228 3986 caedis,
1251 3918 1332 3990 quae

325 4045 396 4094 non
419 4024 504 4094 tanti
533 4024 661 4096 laboris
689 4027 768 4114 fuit,
788 4035 895 4096 testes
921 4024 1096 4109 adhibuit,
1115 4023 1229 4094 locum
1256 4022 1333 4092 udi·

327 4164 404 4224 tura
421 4154 551 4247 quode
567 4176 606 4225 se
620 4154 711 4225 etde
725 4153 992 4248 Agamemnone
1004 4152 1246 4247 peragendum
1264 4161 1331 4244 est,
