3250 5120
663 517 824 583 ..37-

234 662 342 736 refert
353 657 449 731 uude
461 678 503 730 ea
517 655 600 728 olim
617 654 852 741 manaverint,
871 674 982 748 quum
998 655 1246 731 aPremetheo

233 809 299 860 uuo
322 806 417 857 unua
442 781 612 878 explicari
635 780 794 876 possint?
812 778 889 852 Nou
915 779 1010 852 enim
1034 801 1055 852 a
1077 780 1246 854 Themide
1281 789 1297 840 ⁸-

235 912 298 985 sed
319 932 338 982 a
359 907 568 984 Prometheo
586 907 622 977 in
647 904 807 1000 periculo
830 904 928 977 Iovis
944 904 1041 982 salus
1059 916 1245 1001 exspecta·

236 1041 333 1114 bitur
349 1034 457 1134 (9⁴3⁴,
474 1031 604 1108 τοιῶνδε
624 1036 746 1131 μόχθων
765 1037 914 1129 ἐκτροπὴν
937 1027 1065 1116 οὐδεὶς
1087 1037 1178 1106 θεῶν
1196 1028 1249 1103 δύ-

237 1171 317 1236 ναιτ’
339 1158 374 1232 dur
398 1167 482 1251 αὐτῷ
506 1163 612 1235 πλὴν
635 1161 731 1255 ἐμοῦ
752 1152 852 1238 δεῖξαι
876 1156 1006 1254 σαφῶς).
1028 1155 1149 1230 Artem
1168 1180 1248 1254 pro·

239 1296 330 1368 teoto
350 1291 445 1364 illam
466 1298 651 1384 postquam
670 1286 758 1358 alias
776 1285 877 1358 auxit
896 1295 999 1380 poeta
1016 1295 1053 1359 et
1071 1287 1248 1362 veriorem

240 1416 396 1504 induxit,
408 1435 479 1486 uun
499 1411 616 1485 alienu
633 1411 730 1484 fonte
747 1409 890 1483 ductam
906 1431 1047 1484 omnem
1066 1409 1248 1505 fingendo,

241 1539 453 1614 imminuere
471 1536 608 1610 debuit.
629 1534 827 1606 Putaudum
842 1543 897 1606 eat
919 1533 1026 1627 igitur
1042 1534 1251 1609 Promethea

243 1664 408 1762 quumvis
434 1662 612 1736 interdum
637 1658 759 1732 matris
781 1658 916 1732 auxilio
933 1679 976 1731 aa
999 1657 1070 1733 fide
1092 1660 1252 1754 adjutum

245 1786 390 1885 propria
409 1796 485 1860 arte
501 1787 619 1857 futuru
635 1782 809 1857 divinare.

293 1912 501 2006 Quanquam
526 1920 562 1982 et
585 1911 668 1981 ertia
688 1909 835 2003 pericula
860 1908 976 2004 ipsum
995 1909 1165 1984 artificem
1183 1933 1255 1987 uon

249 2038 387 2110 sutluut.
406 2032 498 2121 Quid
515 2033 619 2107 dulce
631 2033 677 2105 sit
692 2033 729 2105 iu
740 2033 917 2127 sperando
930 2052 1004 2108 nou
1017 2033 1156 2128 ignorat
1176 2037 1255 2131 qui·

248 2164 343 2250 dem,
360 2173 396 2234 et
416 2183 525 2255 quum
541 2158 651 2233 choro
669 2141 866 2232 consentiri
888 2185 896 2230 ι
919 2157 1005 2250 536,
1023 2155 1083 2238 uid
1101 2190 1134 2235 τι
1148 2166 1257 2259 θαρσα-

246 2288 330 2368 itura
346 2289 401 2358 τὸν
422 2285 662 2383 μακρὸνταίνειν
683 2283 749 2372 βίον
769 2284 891 2370 ἐλπίσι,
912 2289 1021 2380 φαναῖς
1038 2286 1129 2382 θυμὸν
1147 2281 1257 2358 ἀλδαί-

247 2438 355 2482 νουσαν
369 2411 597 2504 ὲνὲοφροσοναις
613 2405 735 2497 -,·id
753 2415 870 2480 tamen
887 2428 958 2480 nou
974 2406 1058 2480 item
1073 2411 1254 2483 concedit:

249 2533 340 2624 698,
365 2542 434 2616 τοῖς
450 2532 572 2604 νοσοῦσί
589 2561 642 2603 τοι
665 2535 762 2629 γλυκὺ
779 2534 817 2603 τὸ
840 2535 950 2604 λοιπὸν
969 2532 1064 2631 ἄλγος
1080 2531 1259 2632 repudiatio·

246 2655 361 2729 ααοθαι
376 2667 483 2755 τορῶς.
508 2655 585 2729 Nou
604 2654 732 2749 reliqui
747 2675 872 2727 aursus
892 2656 1165 2752 descriptionem
1183 2658 1260 2732 Ioui

186 2865 190 2874 ,
245 2781 384 2856 invidet
397 2778 511 2874 (aad),
528 2780 590 2853 sed
606 2780 713 2853 ualde
722 2779 839 2875 potius
849 2779 955 2851 ducat
968 2803 1008 2853 se
1022 2804 1094 2855 non
1111 2781 1259 2858 interro·

246 2905 337 3002 geri,
347 2925 426 2978 eam
442 2912 637 2978 aestuosum
653 2903 742 2975 illud
754 2902 976 2977 miseriarum
988 2928 1084 2982 mare
1097 2906 1261 3002 ignorare

224 3027 348 3128 ,(624,
369 3032 407 3101 τὸ
424 3033 465 3127 μὴ
488 3031 593 3125 μαθεῖν
612 3056 660 3100 σοι
673 3027 847 3126 septicenti
868 3034 973 3128 μαθεῖν
992 3027 1094 3127 τάδε).
1116 3033 1188 3106 Scit
1202 3033 1262 3106 itte

246 3157 379 3251 optime
396 3175 543 3227 necesse
561 3171 640 3227 esse
663 3155 829 3228 mortales
848 3175 969 3228 errore
991 3156 1084 3229 felici
1104 3157 1260 3230 illudun-

247 3290 316 3367 tur,
338 3279 490 3352 neaniai
509 3301 572 3374 per
590 3279 778 3373 caliginem
801 3279 949 3354 uideant
968 3291 1030 3352 aut
1047 3303 1093 3354 ne
1114 3282 1263 3354 videant

248 3403 392 3498 quidem
418 3413 589 3476 eventura
615 3401 696 3501 (t);
721 3403 773 3475 sie
797 3403 877 3477 iilos
902 3403 1054 3500 melius,
1085 3401 1260 3499 quidquid

248 3527 405 3601 futurum
421 3527 480 3630 sit,
499 3527 586 3621 pati.
605 3526 677 3599 Neu
696 3526 732 3596 in
749 3536 801 3600 tot
817 3526 918 3599 malis
938 3528 1194 3623 pereeuseudis
1211 3550 1263 3602 se·

249 3671 328 3722 oum
349 3649 512 3722 dissentit
535 3650 597 3744 qui
625 3671 738 3742 genus
770 3649 964 3723 humanum
989 3651 1156 3748 impediit
1174 3653 1263 3747 quin

250 3788 400 3849 mortem
419 3774 624 3870 provideret
638 3771 762 3868 (utu);
778 3785 814 3848 et
827 3797 891 3870 spe
906 3775 966 3848 illa
982 3777 1076 3851 bonu
1095 3789 1130 3850 et
1150 3779 1263 3851 divite

289 4058 326 4128 (i)
347 4055 390 4117 cf.
405 4060 515 4130 Auum„
530 4055 581 4116 ist
602 4079 608 4112 :
624 4059 654 4112 τὸ
666 4061 797 4129 προκλύαν
811 4059 920 4124 δ’ἦλνσιν
933 4063 1091 4131 προχαιρίτω
1101 4079 1108 4093 ·
1120 4062 1176 4114 ἴσον
1188 4061 1216 4114 tr
1228 4064 1265 4126 τῷ

253 4156 408 4220 προστένειν.
