<?xml version="1.0" encoding="UTF-8"?>
<!DOCTYPE html PUBLIC "-//W3C//DTD XHTML 1.0 Transitional//EN"
    "http://www.w3.org/TR/xhtml1/DTD/xhtml1-transitional.dtd">
<html xmlns="http://www.w3.org/1999/xhtml" xml:lang="en" lang="en">
 <head>
  <title>
</title>
<meta http-equiv="Content-Type" content="text/html;charset=utf-8" />
  <meta name='ocr-system' content='tesseract 3.04.00' />
  <meta name='ocr-capabilities' content='ocr_page ocr_carea ocr_par ocr_line ocrx_word'/>
</head>
<body>
  <div class='ocr_page' id='page_1' title='image "./devaticinatione00thomgoog_0020.png"; bbox 0 0 3250 5120; ppageno 0'>
   <div class='ocr_carea' id='block_1_1' title="bbox 681 595 852 642">
    <p class='ocr_par' dir='ltr' id='par_1_1' title="bbox 681 595 852 642">
     <span class='ocr_line' id='line_1_1' title="bbox 681 595 852 642; baseline -0.006 0"><span class='ocrx_word' id='word_1_1' title='bbox 681 595 852 642; x_wconf 82' lang='lat' dir='ltr'>-vt1-</span> 
     </span>
    </p>
   </div>
   <div class='ocr_carea' id='block_1_2' title="bbox 173 713 1281 2555">
    <p class='ocr_par' dir='ltr' id='par_1_2' title="bbox 173 713 1281 2555">
     <span class='ocr_line' id='line_1_2' title="bbox 310 713 1280 810; baseline 0.006 -24"><span class='ocrx_word' id='word_1_2' title='bbox 310 713 341 786; x_wconf 90' lang='grc' dir='ltr'>Α</span> <span class='ocrx_word' id='word_1_3' title='bbox 378 713 597 786; x_wconf 80' lang='lat' dir='ltr'>divinatione</span> <span class='ocrx_word' id='word_1_4' title='bbox 627 735 697 787; x_wconf 91' lang='lat' dir='ltr'>non</span> <span class='ocrx_word' id='word_1_5' title='bbox 731 725 842 786; x_wconf 90' lang='lat' dir='ltr'>totam</span> <span class='ocrx_word' id='word_1_6' title='bbox 882 715 1280 810; x_wconf 78' lang='lat' dir='ltr'>pendere-tragoediam</span> 
     </span>
     <span class='ocr_line' id='line_1_3' title="bbox 259 825 1281 936; baseline 0.007 -26"><span class='ocrx_word' id='word_1_7' title='bbox 259 839 341 934; x_wconf 90' lang='lat' dir='ltr'>quis</span> <span class='ocrx_word' id='word_1_8' title='bbox 369 842 497 932; x_wconf 85' lang='lat' dir='ltr'>negat‘l</span> <span class='ocrx_word' id='word_1_9' title='bbox 524 839 589 911; x_wconf 90' lang='lat' dir='ltr'>sed</span> <span class='ocrx_word' id='word_1_10' title='bbox 615 859 673 910; x_wconf 89' lang='lat' dir='ltr'>ars</span> <span class='ocrx_word' id='word_1_11' title='bbox 702 825 921 912; x_wconf 87' lang='lat' dir='ltr'>vaticinandi</span> <span class='ocrx_word' id='word_1_12' title='bbox 949 863 1030 912; x_wconf 91' lang='lat' dir='ltr'>cum</span> <span class='ocrx_word' id='word_1_13' title='bbox 1053 853 1129 914; x_wconf 91' lang='lat' dir='ltr'>arte</span> <span class='ocrx_word' id='word_1_14' title='bbox 1148 845 1281 936; x_wconf 86' lang='lat' dir='ltr'>tragica</span> 
     </span>
     <span class='ocr_line' id='line_1_4' title="bbox 259 965 1278 1059; baseline 0.006 -23"><span class='ocrx_word' id='word_1_15' title='bbox 259 966 373 1037; x_wconf 89' lang='lat' dir='ltr'>amice</span> <span class='ocrx_word' id='word_1_16' title='bbox 391 968 565 1056; x_wconf 87' lang='lat' dir='ltr'>conjurat.</span> <span class='ocrx_word' id='word_1_17' title='bbox 585 965 622 1035; x_wconf 88' lang='lat' dir='ltr'>Si</span> <span class='ocrx_word' id='word_1_18' title='bbox 640 965 802 1059; x_wconf 89' lang='lat' dir='ltr'>personis</span> <span class='ocrx_word' id='word_1_19' title='bbox 820 965 913 1054; x_wconf 89' lang='lat' dir='ltr'>aliis,</span> <span class='ocrx_word' id='word_1_20' title='bbox 934 965 1193 1059; x_wconf 84' lang='lat' dir='ltr'>Agamemnoni</span> <span class='ocrx_word' id='word_1_21' title='bbox 1210 969 1278 1042; x_wconf 90' lang='lat' dir='ltr'>sci·</span> 
     </span>
     <span class='ocr_line' id='line_1_5' title="bbox 173 1087 1280 1184; baseline 0.008 -27"><span class='ocrx_word' id='word_1_22' title='bbox 173 1101 175 1106; x_wconf 88' lang='grc'><strong><em>·</em></strong></span> <span class='ocrx_word' id='word_1_23' title='bbox 215 1149 218 1159; x_wconf 90' lang='grc'>.</span> <span class='ocrx_word' id='word_1_24' title='bbox 260 1087 342 1160; x_wconf 88' lang='lat' dir='ltr'>licet</span> <span class='ocrx_word' id='word_1_25' title='bbox 361 1089 567 1184; x_wconf 84' lang='lat' dir='ltr'>ctOEdip0‚</span> <span class='ocrx_word' id='word_1_26' title='bbox 588 1089 728 1162; x_wconf 83' lang='lat' dir='ltr'>Creonti</span> <span class='ocrx_word' id='word_1_27' title='bbox 748 1103 784 1162; x_wconf 89' lang='lat' dir='ltr'>et</span> <span class='ocrx_word' id='word_1_28' title='bbox 808 1089 997 1183; x_wconf 84' lang='lat' dir='ltr'>Antigonae</span> <span class='ocrx_word' id='word_1_29' title='bbox 1020 1092 1217 1168; x_wconf 87' lang='lat' dir='ltr'>Cassandra</span> <span class='ocrx_word' id='word_1_30' title='bbox 1243 1103 1280 1166; x_wconf 91' lang='lat' dir='ltr'>et</span> 
     </span>
     <span class='ocr_line' id='line_1_6' title="bbox 258 1211 1280 1310; baseline 0.009 -28"><span class='ocrx_word' id='word_1_31' title='bbox 258 1211 411 1285; x_wconf 80' lang='lat' dir='ltr'>Tiresias</span> <span class='ocrx_word' id='word_1_32' title='bbox 431 1214 563 1285; x_wconf 90' lang='lat' dir='ltr'>cedunt</span> <span class='ocrx_word' id='word_1_33' title='bbox 584 1214 805 1302; x_wconf 85' lang='lat' dir='ltr'>verecunde,</span> <span class='ocrx_word' id='word_1_34' title='bbox 827 1225 1034 1288; x_wconf 88' lang='lat' dir='ltr'>tamennon</span> <span class='ocrx_word' id='word_1_35' title='bbox 1054 1218 1184 1310; x_wconf 89' lang='lat' dir='ltr'>ignave</span> <span class='ocrx_word' id='word_1_36' title='bbox 1209 1228 1280 1290; x_wconf 88' lang='lat' dir='ltr'>ter·</span> 
     </span>
     <span class='ocr_line' id='line_1_7' title="bbox 261 1340 1281 1436; baseline 0.004 -26"><span class='ocrx_word' id='word_1_37' title='bbox 261 1342 347 1410; x_wconf 91' lang='lat' dir='ltr'>tium</span> <span class='ocrx_word' id='word_1_38' title='bbox 361 1340 623 1412; x_wconf 90' lang='lat' dir='ltr'>autsecundum</span> <span class='ocrx_word' id='word_1_39' title='bbox 637 1340 754 1412; x_wconf 89' lang='lat' dir='ltr'>locum</span> <span class='ocrx_word' id='word_1_40' title='bbox 771 1340 954 1428; x_wconf 85' lang='lat' dir='ltr'>obtinent3</span> <span class='ocrx_word' id='word_1_41' title='bbox 975 1343 1153 1436; x_wconf 87' lang='lat' dir='ltr'>neoparvi</span> <span class='ocrx_word' id='word_1_42' title='bbox 1174 1343 1281 1415; x_wconf 78' lang='lat' dir='ltr'><strong>refert</strong></span> 
     </span>
     <span class='ocr_line' id='line_1_8' title="bbox 260 1439 1281 1561; baseline 0.007 -28"><span class='ocrx_word' id='word_1_43' title='bbox 260 1464 365 1534; x_wconf 92' lang='lat' dir='ltr'>trium</span> <span class='ocrx_word' id='word_1_44' title='bbox 403 1464 439 1534; x_wconf 92' lang='lat' dir='ltr'>in</span> <span class='ocrx_word' id='word_1_45' title='bbox 478 1484 550 1535; x_wconf 93' lang='lat' dir='ltr'>una</span> <span class='ocrx_word' id='word_1_46' title='bbox 587 1485 626 1536; x_wconf 91' lang='lat' dir='ltr'>re</span> <span class='ocrx_word' id='word_1_47' title='bbox 661 1474 836 1558; x_wconf 81' lang='lat' dir='ltr'>poetarum</span> <span class='ocrx_word' id='word_1_48' title='bbox 872 1439 1016 1536; x_wconf 76' lang='lat' dir='ltr'>indolem</span> <span class='ocrx_word' id='word_1_49' title='bbox 1047 1467 1281 1561; x_wconf 86' lang='lat' dir='ltr'>propriosque</span> 
     </span>
     <span class='ocr_line' id='line_1_9' title="bbox 259 1588 1280 1684; baseline 0.005 -24"><span class='ocrx_word' id='word_1_50' title='bbox 259 1588 380 1660; x_wconf 89' lang='lat' dir='ltr'>vultus</span> <span class='ocrx_word' id='word_1_51' title='bbox 400 1589 624 1680; x_wconf 86' lang='lat' dir='ltr'>describere,</span> <span class='ocrx_word' id='word_1_52' title='bbox 642 1611 683 1661; x_wconf 92' lang='lat' dir='ltr'>ac</span> <span class='ocrx_word' id='word_1_53' title='bbox 704 1590 857 1661; x_wconf 88' lang='lat' dir='ltr'>maxime</span> <span class='ocrx_word' id='word_1_54' title='bbox 880 1589 915 1660; x_wconf 91' lang='lat' dir='ltr'>in</span> <span class='ocrx_word' id='word_1_55' title='bbox 939 1590 999 1663; x_wconf 93' lang='lat' dir='ltr'>illo</span> <span class='ocrx_word' id='word_1_56' title='bbox 1024 1592 1169 1684; x_wconf 88' lang='lat' dir='ltr'>egregio</span> <span class='ocrx_word' id='word_1_57' title='bbox 1193 1591 1280 1665; x_wconf 83' lang='lat' dir='ltr'>vitae</span> 
     </span>
     <span class='ocr_line' id='line_1_10' title="bbox 256 1710 1278 1808; baseline 0.002 -24"><span class='ocrx_word' id='word_1_58' title='bbox 256 1723 364 1806; x_wconf 83' lang='lat' dir='ltr'>atque</span> <span class='ocrx_word' id='word_1_59' title='bbox 381 1713 514 1806; x_wconf 87' lang='lat' dir='ltr'>ingenii</span> <span class='ocrx_word' id='word_1_60' title='bbox 533 1710 805 1784; x_wconf 75' lang='lat' dir='ltr'>Atheniensium</span> <span class='ocrx_word' id='word_1_61' title='bbox 822 1714 990 1808; x_wconf 87' lang='lat' dir='ltr'>speculo,</span> <span class='ocrx_word' id='word_1_62' title='bbox 1010 1716 1183 1808; x_wconf 78' lang='lat' dir='ltr'>popularis</span> <span class='ocrx_word' id='word_1_63' title='bbox 1201 1715 1278 1786; x_wconf 82' lang='lat' dir='ltr'>rell-</span> 
     </span>
     <span class='ocr_line' id='line_1_11' title="bbox 257 1838 1277 1934; baseline 0.002 -24"><span class='ocrx_word' id='word_1_64' title='bbox 257 1842 363 1933; x_wconf 81' lang='lat' dir='ltr'>piom’s</span> <span class='ocrx_word' id='word_1_65' title='bbox 388 1841 536 1933; x_wconf 89' lang='lat' dir='ltr'>primam</span> <span class='ocrx_word' id='word_1_66' title='bbox 566 1860 608 1910; x_wconf 86' lang='lat' dir='ltr'>ac</span> <span class='ocrx_word' id='word_1_67' title='bbox 638 1838 871 1911; x_wconf 85' lang='lat' dir='ltr'>recentiorem</span> <span class='ocrx_word' id='word_1_68' title='bbox 899 1840 1046 1911; x_wconf 83' lang='lat' dir='ltr'>sormam</span> <span class='ocrx_word' id='word_1_69' title='bbox 1081 1861 1277 1934; x_wconf 88' lang='lat' dir='ltr'>omnesque</span> 
     </span>
     <span class='ocr_line' id='line_1_12' title="bbox 258 1963 1277 2057; baseline -0.002 -21"><span class='ocrx_word' id='word_1_70' title='bbox 258 1965 426 2057; x_wconf 87' lang='lat' dir='ltr'>deinceps</span> <span class='ocrx_word' id='word_1_71' title='bbox 452 1963 719 2035; x_wconf 89' lang='lat' dir='ltr'>immutationes</span> <span class='ocrx_word' id='word_1_72' title='bbox 740 1973 775 2035; x_wconf 91' lang='lat' dir='ltr'>et</span> <span class='ocrx_word' id='word_1_73' title='bbox 794 1963 1060 2056; x_wconf 91' lang='lat' dir='ltr'>quodammodo</span> <span class='ocrx_word' id='word_1_74' title='bbox 1084 1963 1201 2036; x_wconf 82' lang='lat' dir='ltr'>flexus</span> <span class='ocrx_word' id='word_1_75' title='bbox 1223 1972 1277 2035; x_wconf 88' lang='lat' dir='ltr'>at·</span> 
     </span>
     <span class='ocr_line' id='line_1_13' title="bbox 258 2087 1278 2182; baseline 0.002 -24"><span class='ocrx_word' id='word_1_76' title='bbox 258 2109 329 2182; x_wconf 90' lang='lat' dir='ltr'>que</span> <span class='ocrx_word' id='word_1_77' title='bbox 362 2087 466 2160; x_wconf 90' lang='lat' dir='ltr'>orbes</span> <span class='ocrx_word' id='word_1_78' title='bbox 491 2087 672 2182; x_wconf 88' lang='lat' dir='ltr'>persequi.</span> <span class='ocrx_word' id='word_1_79' title='bbox 703 2087 797 2158; x_wconf 93' lang='lat' dir='ltr'>Nihil</span> <span class='ocrx_word' id='word_1_80' title='bbox 824 2088 861 2159; x_wconf 95' lang='lat' dir='ltr'>in</span> <span class='ocrx_word' id='word_1_81' title='bbox 890 2087 957 2159; x_wconf 92' lang='lat' dir='ltr'>boc</span> <span class='ocrx_word' id='word_1_82' title='bbox 981 2087 1114 2160; x_wconf 88' lang='lat' dir='ltr'>saeculo</span> <span class='ocrx_word' id='word_1_83' title='bbox 1141 2088 1278 2178; x_wconf 86' lang='lat' dir='ltr'>majore</span> 
     </span>
     <span class='ocr_line' id='line_1_14' title="bbox 258 2211 1278 2309; baseline 0.006 -27"><span class='ocrx_word' id='word_1_84' title='bbox 258 2211 441 2309; x_wconf 79' lang='lat' dir='ltr'>diligentia</span> <span class='ocrx_word' id='word_1_85' title='bbox 460 2212 684 2307; x_wconf 86' lang='lat' dir='ltr'>exploratum</span> <span class='ocrx_word' id='word_1_86' title='bbox 709 2222 763 2284; x_wconf 91' lang='lat' dir='ltr'>est</span> <span class='ocrx_word' id='word_1_87' title='bbox 787 2233 893 2306; x_wconf 89' lang='lat' dir='ltr'>quam</span> <span class='ocrx_word' id='word_1_88' title='bbox 914 2223 1074 2284; x_wconf 89' lang='lat' dir='ltr'>veterum</span> <span class='ocrx_word' id='word_1_89' title='bbox 1095 2211 1221 2304; x_wconf 89' lang='lat' dir='ltr'>religio</span> <span class='ocrx_word' id='word_1_90' title='bbox 1240 2227 1278 2289; x_wconf 89' lang='lat' dir='ltr'>et</span> 
     </span>
     <span class='ocr_line' id='line_1_15' title="bbox 258 2338 1275 2430; baseline -0.003 -19"><span class='ocrx_word' id='word_1_91' title='bbox 258 2339 289 2411; x_wconf 93' lang='lat' dir='ltr'>si</span> <span class='ocrx_word' id='word_1_92' title='bbox 308 2339 394 2430; x_wconf 91' lang='lat' dir='ltr'>quid</span> <span class='ocrx_word' id='word_1_93' title='bbox 407 2339 440 2410; x_wconf 91' lang='lat' dir='ltr'>ei</span> <span class='ocrx_word' id='word_1_94' title='bbox 450 2340 676 2429; x_wconf 89' lang='lat' dir='ltr'>conjunctum</span> <span class='ocrx_word' id='word_1_95' title='bbox 698 2338 777 2408; x_wconf 83' lang='lat' dir='ltr'>fuit.</span> <span class='ocrx_word' id='word_1_96' title='bbox 799 2338 886 2422; x_wconf 87' lang='lat' dir='ltr'>Quae</span> <span class='ocrx_word' id='word_1_97' title='bbox 904 2338 1176 2410; x_wconf 79' lang='lat' dir='ltr'>fastidiebantur</span> <span class='ocrx_word' id='word_1_98' title='bbox 1189 2338 1275 2410; x_wconf 91' lang='lat' dir='ltr'>olim</span> 
     </span>
     <span class='ocr_line' id='line_1_16' title="bbox 259 2461 1276 2555; baseline 0.002 -23"><span class='ocrx_word' id='word_1_99' title='bbox 259 2462 536 2555; x_wconf 88' lang='lat' dir='ltr'>ridebanturque</span> <span class='ocrx_word' id='word_1_100' title='bbox 554 2462 666 2534; x_wconf 91' lang='lat' dir='ltr'>aniles</span> <span class='ocrx_word' id='word_1_101' title='bbox 686 2461 830 2552; x_wconf 83' lang='lat' dir='ltr'>fabulae,</span> <span class='ocrx_word' id='word_1_102' title='bbox 851 2484 945 2534; x_wconf 92' lang='lat' dir='ltr'>nnnc</span> <span class='ocrx_word' id='word_1_103' title='bbox 961 2485 1100 2534; x_wconf 90' lang='lat' dir='ltr'>summa</span> <span class='ocrx_word' id='word_1_104' title='bbox 1115 2483 1200 2534; x_wconf 91' lang='lat' dir='ltr'>cura</span> <span class='ocrx_word' id='word_1_105' title='bbox 1215 2483 1276 2534; x_wconf 86' lang='lat' dir='ltr'>ex·</span> 
     </span>
    </p>
   </div>
   <div class='ocr_carea' id='block_1_3' title="bbox 164 2587 1276 2911">
    <p class='ocr_par' dir='ltr' id='par_1_3' title="bbox 164 2587 1276 2911">
     <span class='ocr_line' id='line_1_17' title="bbox 164 2587 1275 2682; baseline -0.002 -23"><span class='ocrx_word' id='word_1_106' title='bbox 164 2618 169 2626; x_wconf 93' lang='lat'><em>·</em></span> <span class='ocrx_word' id='word_1_107' title='bbox 259 2588 447 2682; x_wconf 89' lang='lat' dir='ltr'>quiruntur</span> <span class='ocrx_word' id='word_1_108' title='bbox 473 2588 803 2681; x_wconf 84' lang='lat' dir='ltr'>excutiunturque‚</span> <span class='ocrx_word' id='word_1_109' title='bbox 832 2589 965 2682; x_wconf 92' lang='lat' dir='ltr'>quippe</span> <span class='ocrx_word' id='word_1_110' title='bbox 992 2589 1169 2682; x_wconf 84' lang='lat' dir='ltr'>equibus</span> <span class='ocrx_word' id='word_1_111' title='bbox 1201 2587 1275 2680; x_wconf 93' lang='lat' dir='ltr'>pri-</span> 
     </span>
     <span class='ocr_line' id='line_1_18' title="bbox 258 2711 1276 2804; baseline -0.002 -22"><span class='ocrx_word' id='word_1_112' title='bbox 258 2733 352 2782; x_wconf 90' lang='lat' dir='ltr'>mam</span> <span class='ocrx_word' id='word_1_113' title='bbox 372 2733 413 2783; x_wconf 93' lang='lat' dir='ltr'>ac</span> <span class='ocrx_word' id='word_1_114' title='bbox 431 2732 565 2783; x_wconf 86' lang='lat' dir='ltr'>meram</span> <span class='ocrx_word' id='word_1_115' title='bbox 585 2712 739 2784; x_wconf 89' lang='lat' dir='ltr'>indolem</span> <span class='ocrx_word' id='word_1_116' title='bbox 760 2713 877 2804; x_wconf 89' lang='lat' dir='ltr'>gentis</span> <span class='ocrx_word' id='word_1_117' title='bbox 900 2713 992 2783; x_wconf 89' lang='lat' dir='ltr'>bene</span> <span class='ocrx_word' id='word_1_118' title='bbox 1012 2712 1140 2784; x_wconf 88' lang='lat' dir='ltr'>oculati</span> <span class='ocrx_word' id='word_1_119' title='bbox 1160 2711 1276 2783; x_wconf 92' lang='lat' dir='ltr'>homi·</span> 
     </span>
     <span class='ocr_line' id='line_1_19' title="bbox 260 2836 1276 2911; baseline 0 -2"><span class='ocrx_word' id='word_1_120' title='bbox 260 2859 324 2910; x_wconf 90' lang='lat' dir='ltr'>nes</span> <span class='ocrx_word' id='word_1_121' title='bbox 352 2837 520 2908; x_wconf 90' lang='lat' dir='ltr'>latentem</span> <span class='ocrx_word' id='word_1_122' title='bbox 559 2848 698 2907; x_wconf 88' lang='lat' dir='ltr'>eruant.</span> <span class='ocrx_word' id='word_1_123' title='bbox 734 2836 876 2908; x_wconf 89' lang='lat' dir='ltr'>Rectius</span> <span class='ocrx_word' id='word_1_124' title='bbox 907 2858 948 2908; x_wconf 92' lang='lat' dir='ltr'>ac</span> <span class='ocrx_word' id='word_1_125' title='bbox 977 2848 1073 2909; x_wconf 90' lang='lat' dir='ltr'>certe</span> <span class='ocrx_word' id='word_1_126' title='bbox 1098 2859 1170 2911; x_wconf 92' lang='lat' dir='ltr'>non</span> <span class='ocrx_word' id='word_1_127' title='bbox 1198 2838 1276 2909; x_wconf 90' lang='lat' dir='ltr'>sine</span> 
     </span>
    </p>
   </div>
   <div class='ocr_carea' id='block_1_4' title="bbox 259 2962 1277 4308">
    <p class='ocr_par' dir='ltr' id='par_1_4' title="bbox 259 2962 1277 4308">
     <span class='ocr_line' id='line_1_20' title="bbox 261 2962 1276 3035; baseline 0.003 -3"><span class='ocrx_word' id='word_1_128' title='bbox 261 2962 417 3035; x_wconf 83' lang='lat' dir='ltr'>maximo</span> <span class='ocrx_word' id='word_1_129' title='bbox 439 2962 554 3033; x_wconf 82' lang='lat' dir='ltr'>fructu</span> <span class='ocrx_word' id='word_1_130' title='bbox 577 2962 622 3033; x_wconf 91' lang='lat' dir='ltr'>de</span> <span class='ocrx_word' id='word_1_131' title='bbox 646 2983 784 3032; x_wconf 92' lang='lat' dir='ltr'>summa</span> <span class='ocrx_word' id='word_1_132' title='bbox 809 2983 928 3033; x_wconf 90' lang='lat' dir='ltr'>rerum</span> <span class='ocrx_word' id='word_1_133' title='bbox 958 2963 1095 3034; x_wconf 88' lang='lat' dir='ltr'>illarum</span> <span class='ocrx_word' id='word_1_134' title='bbox 1125 2963 1276 3035; x_wconf 89' lang='lat' dir='ltr'>interro·</span> 
     </span>
     <span class='ocr_line' id='line_1_21' title="bbox 259 3085 1277 3181; baseline 0 -23"><span class='ocrx_word' id='word_1_135' title='bbox 259 3086 436 3181; x_wconf 86' lang='lat' dir='ltr'>gabuntur</span> <span class='ocrx_word' id='word_1_136' title='bbox 456 3085 580 3180; x_wconf 89' lang='lat' dir='ltr'>optimi</span> <span class='ocrx_word' id='word_1_137' title='bbox 600 3086 670 3158; x_wconf 85' lang='lat' dir='ltr'>viri</span> <span class='ocrx_word' id='word_1_138' title='bbox 695 3087 757 3179; x_wconf 89' lang='lat' dir='ltr'>qui</span> <span class='ocrx_word' id='word_1_139' title='bbox 784 3087 821 3157; x_wconf 95' lang='lat' dir='ltr'>in</span> <span class='ocrx_word' id='word_1_140' title='bbox 852 3107 1064 3180; x_wconf 90' lang='lat' dir='ltr'>unaquaque</span> <span class='ocrx_word' id='word_1_141' title='bbox 1087 3097 1193 3159; x_wconf 89' lang='lat' dir='ltr'>aetate</span> <span class='ocrx_word' id='word_1_142' title='bbox 1214 3096 1277 3158; x_wconf 87' lang='lat' dir='ltr'>aut</span> 
     </span>
     <span class='ocr_line' id='line_1_22' title="bbox 259 3212 1275 3306; baseline 0.001 -22"><span class='ocrx_word' id='word_1_143' title='bbox 259 3213 296 3284; x_wconf 93' lang='lat' dir='ltr'>in</span> <span class='ocrx_word' id='word_1_144' title='bbox 306 3213 444 3306; x_wconf 86' lang='lat' dir='ltr'>agendo</span> <span class='ocrx_word' id='word_1_145' title='bbox 452 3224 514 3284; x_wconf 89' lang='lat' dir='ltr'>ant</span> <span class='ocrx_word' id='word_1_146' title='bbox 527 3214 563 3283; x_wconf 94' lang='lat' dir='ltr'>in</span> <span class='ocrx_word' id='word_1_147' title='bbox 573 3213 762 3306; x_wconf 90' lang='lat' dir='ltr'>cogitando</span> <span class='ocrx_word' id='word_1_148' title='bbox 776 3213 884 3284; x_wconf 89' lang='lat' dir='ltr'>duces</span> <span class='ocrx_word' id='word_1_149' title='bbox 897 3212 1046 3285; x_wconf 91' lang='lat' dir='ltr'>aliorum</span> <span class='ocrx_word' id='word_1_150' title='bbox 1056 3214 1171 3302; x_wconf 84' lang='lat' dir='ltr'>tuere,</span> <span class='ocrx_word' id='word_1_151' title='bbox 1185 3233 1275 3306; x_wconf 89' lang='lat' dir='ltr'>prae·</span> 
     </span>
     <span class='ocr_line' id='line_1_23' title="bbox 260 3337 1274 3432; baseline -0.002 -24"><span class='ocrx_word' id='word_1_152' title='bbox 260 3338 363 3432; x_wconf 84' lang='lat' dir='ltr'>cipue</span> <span class='ocrx_word' id='word_1_153' title='bbox 380 3359 490 3430; x_wconf 85' lang='lat' dir='ltr'>quum</span> <span class='ocrx_word' id='word_1_154' title='bbox 512 3359 645 3429; x_wconf 81' lang='lat' dir='ltr'>genere</span> <span class='ocrx_word' id='word_1_155' title='bbox 671 3337 749 3431; x_wconf 91' lang='lat' dir='ltr'>ipso</span> <span class='ocrx_word' id='word_1_156' title='bbox 769 3337 864 3408; x_wconf 90' lang='lat' dir='ltr'>illius</span> <span class='ocrx_word' id='word_1_157' title='bbox 882 3338 967 3408; x_wconf 91' lang='lat' dir='ltr'>artis</span> <span class='ocrx_word' id='word_1_158' title='bbox 987 3359 1058 3409; x_wconf 92' lang='lat' dir='ltr'>non</span> <span class='ocrx_word' id='word_1_159' title='bbox 1075 3358 1174 3409; x_wconf 91' lang='lat' dir='ltr'>suam</span> <span class='ocrx_word' id='word_1_160' title='bbox 1196 3346 1274 3406; x_wconf 92' lang='lat' dir='ltr'>tan·</span> 
     </span>
     <span class='ocr_line' id='line_1_24' title="bbox 260 3451 1275 3558; baseline -0.005 -20"><span class='ocrx_word' id='word_1_161' title='bbox 260 3477 357 3554; x_wconf 92' lang='lat' dir='ltr'>tum,</span> <span class='ocrx_word' id='word_1_162' title='bbox 387 3467 451 3536; x_wconf 91' lang='lat' dir='ltr'>sed</span> <span class='ocrx_word' id='word_1_163' title='bbox 475 3487 699 3537; x_wconf 90' lang='lat' dir='ltr'>communem</span> <span class='ocrx_word' id='word_1_164' title='bbox 725 3487 767 3538; x_wconf 87' lang='lat' dir='ltr'>ac</span> <span class='ocrx_word' id='word_1_165' title='bbox 794 3451 1025 3558; x_wconf 87' lang='lat' dir='ltr'>plurimorum</span> <span class='ocrx_word' id='word_1_166' title='bbox 1044 3473 1139 3536; x_wconf 87' lang='lat' dir='ltr'>certe</span> <span class='ocrx_word' id='word_1_167' title='bbox 1154 3485 1275 3557; x_wconf 89' lang='lat' dir='ltr'>aequa·</span> 
     </span>
     <span class='ocr_line' id='line_1_25' title="bbox 261 3589 1274 3684; baseline 0.001 -24"><span class='ocrx_word' id='word_1_168' title='bbox 261 3591 346 3661; x_wconf 91' lang='lat' dir='ltr'>lium</span> <span class='ocrx_word' id='word_1_169' title='bbox 380 3611 525 3661; x_wconf 92' lang='lat' dir='ltr'>suorum</span> <span class='ocrx_word' id='word_1_170' title='bbox 555 3590 769 3662; x_wconf 90' lang='lat' dir='ltr'>sententiam</span> <span class='ocrx_word' id='word_1_171' title='bbox 797 3589 946 3684; x_wconf 83' lang='lat' dir='ltr'>professi</span> <span class='ocrx_word' id='word_1_172' title='bbox 974 3598 1069 3660; x_wconf 90' lang='lat' dir='ltr'>sunt.</span> <span class='ocrx_word' id='word_1_173' title='bbox 1094 3589 1274 3683; x_wconf 89' lang='lat' dir='ltr'>Nusquam</span> 
     </span>
     <span class='ocr_line' id='line_1_26' title="bbox 263 3712 1274 3808; baseline -0.003 -21"><span class='ocrx_word' id='word_1_174' title='bbox 263 3715 356 3788; x_wconf 94' lang='lat' dir='ltr'>enim</span> <span class='ocrx_word' id='word_1_175' title='bbox 375 3715 488 3808; x_wconf 87' lang='lat' dir='ltr'>magis</span> <span class='ocrx_word' id='word_1_176' title='bbox 504 3736 609 3808; x_wconf 87' lang='lat' dir='ltr'>quem</span> <span class='ocrx_word' id='word_1_177' title='bbox 627 3715 663 3784; x_wconf 94' lang='lat' dir='ltr'>in</span> <span class='ocrx_word' id='word_1_178' title='bbox 680 3714 817 3785; x_wconf 90' lang='lat' dir='ltr'>theatro</span> <span class='ocrx_word' id='word_1_179' title='bbox 836 3713 1002 3784; x_wconf 90' lang='lat' dir='ltr'>constitui</span> <span class='ocrx_word' id='word_1_180' title='bbox 1020 3712 1144 3784; x_wconf 88' lang='lat' dir='ltr'>debuit</span> <span class='ocrx_word' id='word_1_181' title='bbox 1160 3735 1274 3807; x_wconf 89' lang='lat' dir='ltr'>popu-</span> 
     </span>
     <span class='ocr_line' id='line_1_27' title="bbox 261 3835 1274 3912; baseline 0 -3"><span class='ocrx_word' id='word_1_182' title='bbox 261 3840 334 3912; x_wconf 92' lang='lat' dir='ltr'>lum</span> <span class='ocrx_word' id='word_1_183' title='bbox 354 3841 446 3912; x_wconf 88' lang='lat' dir='ltr'>inter</span> <span class='ocrx_word' id='word_1_184' title='bbox 468 3849 504 3911; x_wconf 91' lang='lat' dir='ltr'>et</span> <span class='ocrx_word' id='word_1_185' title='bbox 523 3838 675 3910; x_wconf 91' lang='lat' dir='ltr'>dicentis</span> <span class='ocrx_word' id='word_1_186' title='bbox 695 3837 806 3910; x_wconf 91' lang='lat' dir='ltr'>verba</span> <span class='ocrx_word' id='word_1_187' title='bbox 828 3835 929 3907; x_wconf 88' lang='lat' dir='ltr'>firma</span> <span class='ocrx_word' id='word_1_188' title='bbox 948 3849 984 3909; x_wconf 91' lang='lat' dir='ltr'>et</span> <span class='ocrx_word' id='word_1_189' title='bbox 1002 3849 1166 3909; x_wconf 90' lang='lat' dir='ltr'>constans</span> <span class='ocrx_word' id='word_1_190' title='bbox 1191 3859 1274 3909; x_wconf 90' lang='lat' dir='ltr'>con·</span> 
     </span>
     <span class='ocr_line' id='line_1_28' title="bbox 261 3954 1271 4058; baseline -0.005 -22"><span class='ocrx_word' id='word_1_191' title='bbox 261 3964 401 4053; x_wconf 90' lang='lat' dir='ltr'>cordia;</span> <span class='ocrx_word' id='word_1_192' title='bbox 430 3975 538 4058; x_wconf 91' lang='lat' dir='ltr'>atque</span> <span class='ocrx_word' id='word_1_193' title='bbox 565 3963 602 4033; x_wconf 95' lang='lat' dir='ltr'>in</span> <span class='ocrx_word' id='word_1_194' title='bbox 628 3962 687 4032; x_wconf 91' lang='lat' dir='ltr'>illa</span> <span class='ocrx_word' id='word_1_195' title='bbox 705 3954 928 4057; x_wconf 84' lang='lat' dir='ltr'>potissimum</span> <span class='ocrx_word' id='word_1_196' title='bbox 948 3972 1067 4056; x_wconf 87' lang='lat' dir='ltr'>gente,</span> <span class='ocrx_word' id='word_1_197' title='bbox 1087 3983 1167 4056; x_wconf 88' lang='lat' dir='ltr'>quae</span> <span class='ocrx_word' id='word_1_198' title='bbox 1184 3961 1271 4050; x_wconf 84' lang='lat' dir='ltr'>fuit,</span> 
     </span>
     <span class='ocr_line' id='line_1_29' title="bbox 263 4087 1272 4182; baseline -0.006 -22"><span class='ocrx_word' id='word_1_199' title='bbox 263 4109 370 4182; x_wconf 90' lang='lat' dir='ltr'>quam</span> <span class='ocrx_word' id='word_1_200' title='bbox 381 4110 512 4182; x_wconf 88' lang='lat' dir='ltr'>graeca,</span> <span class='ocrx_word' id='word_1_201' title='bbox 524 4097 560 4160; x_wconf 91' lang='lat' dir='ltr'>et</span> <span class='ocrx_word' id='word_1_202' title='bbox 575 4087 694 4159; x_wconf 92' lang='lat' dir='ltr'>animo</span> <span class='ocrx_word' id='word_1_203' title='bbox 711 4096 815 4159; x_wconf 90' lang='lat' dir='ltr'>acuta</span> <span class='ocrx_word' id='word_1_204' title='bbox 825 4097 862 4160; x_wconf 91' lang='lat' dir='ltr'>et</span> <span class='ocrx_word' id='word_1_205' title='bbox 872 4109 999 4160; x_wconf 86' lang='lat' dir='ltr'>scaenae</span> <span class='ocrx_word' id='word_1_206' title='bbox 1011 4087 1272 4176; x_wconf 88' lang='lat' dir='ltr'>amantissima;</span> 
     </span>
     <span class='ocr_line' id='line_1_30' title="bbox 263 4211 1273 4308; baseline -0.003 -25"><span class='ocrx_word' id='word_1_207' title='bbox 263 4211 360 4284; x_wconf 88' lang='lat' dir='ltr'>unde</span> <span class='ocrx_word' id='word_1_208' title='bbox 378 4213 520 4286; x_wconf 91' lang='lat' dir='ltr'>illorum</span> <span class='ocrx_word' id='word_1_209' title='bbox 546 4212 677 4286; x_wconf 85' lang='lat' dir='ltr'>fabnlae</span> <span class='ocrx_word' id='word_1_210' title='bbox 695 4211 915 4308; x_wconf 87' lang='lat' dir='ltr'>singulorum</span> <span class='ocrx_word' id='word_1_211' title='bbox 931 4223 1128 4308; x_wconf 89' lang='lat' dir='ltr'>temporum</span> <span class='ocrx_word' id='word_1_212' title='bbox 1144 4211 1273 4282; x_wconf 90' lang='lat' dir='ltr'>immu-</span> 
     </span>
    </p>
   </div>
   <div class='ocr_carea' id='block_1_5' title="bbox 0 0 1634 5120">
    <p class='ocr_par' dir='ltr' id='par_1_5' title="bbox 0 0 1634 5120">
     <span class='ocr_line' id='line_1_31' title="bbox 0 0 1634 5120; baseline 0 0"><span class='ocrx_word' id='word_1_213' title='bbox 0 0 1634 5120; x_wconf 95' lang='lat' dir='ltr'> </span> 
     </span>
    </p>
   </div>
  </div>
 </body>
</html>
