<?xml version="1.0" encoding="UTF-8"?>
<!DOCTYPE html PUBLIC "-//W3C//DTD XHTML 1.0 Transitional//EN"
    "http://www.w3.org/TR/xhtml1/DTD/xhtml1-transitional.dtd">
<html xmlns="http://www.w3.org/1999/xhtml" xml:lang="en" lang="en">
 <head>
  <title>
</title>
<meta http-equiv="Content-Type" content="text/html;charset=utf-8" />
  <meta name='ocr-system' content='tesseract 3.04.00' />
  <meta name='ocr-capabilities' content='ocr_page ocr_carea ocr_par ocr_line ocrx_word'/>
</head>
<body>
  <div class='ocr_page' id='page_1' title='image "./devaticinatione00thomgoog_0096.png"; bbox 0 0 3254 5112; ppageno 0'>
   <div class='ocr_carea' id='block_1_1' title="bbox 670 500 829 562">
    <p class='ocr_par' dir='ltr' id='par_1_1' title="bbox 670 500 829 562">
     <span class='ocr_line' id='line_1_1' title="bbox 670 500 829 562; baseline 0 -16"><span class='ocrx_word' id='word_1_1' title='bbox 670 500 829 562; x_wconf 82' lang='lat'>..75-</span> 
     </span>
    </p>
   </div>
   <div class='ocr_carea' id='block_1_2' title="bbox 233 635 1258 2605">
    <p class='ocr_par' dir='ltr' id='par_1_2' title="bbox 233 635 1258 2605">
     <span class='ocr_line' id='line_1_2' title="bbox 243 635 1256 738; baseline 0.003 -24"><span class='ocrx_word' id='word_1_2' title='bbox 243 639 374 720; x_wconf 85' lang='lat' dir='ltr'><strong>etenim</strong></span> <span class='ocrx_word' id='word_1_3' title='bbox 386 656 470 710; x_wconf 88' lang='lat' dir='ltr'><strong>cura</strong></span> <span class='ocrx_word' id='word_1_4' title='bbox 485 641 571 730; x_wconf 79' lang='lat' dir='ltr'><strong>repis</strong></span> <span class='ocrx_word' id='word_1_5' title='bbox 578 635 699 710; x_wconf 80' lang='lat' dir='ltr'><strong>indoles</strong></span> <span class='ocrx_word' id='word_1_6' title='bbox 707 635 931 708; x_wconf 88' lang='lat' dir='ltr'><strong>describitur.</strong></span> <span class='ocrx_word' id='word_1_7' title='bbox 945 639 1037 712; x_wconf 73' lang='lat' dir='ltr'><strong>Votis</strong></span> <span class='ocrx_word' id='word_1_8' title='bbox 1050 652 1165 716; x_wconf 79' lang='lat' dir='ltr'><strong>contro</strong></span> <span class='ocrx_word' id='word_1_9' title='bbox 1175 666 1256 738; x_wconf 89' lang='lat' dir='ltr'><strong>par·</strong></span> 
     </span>
     <span class='ocr_line' id='line_1_3' title="bbox 243 761 1253 862; baseline 0.007 -27"><span class='ocrx_word' id='word_1_10' title='bbox 243 764 337 846; x_wconf 85' lang='lat' dir='ltr'><strong>tibus</strong></span> <span class='ocrx_word' id='word_1_11' title='bbox 354 761 455 857; x_wconf 86' lang='lat' dir='ltr'><strong>quasi</strong></span> <span class='ocrx_word' id='word_1_12' title='bbox 474 761 672 836; x_wconf 80' lang='lat' dir='ltr'>detrahitur</span> <span class='ocrx_word' id='word_1_13' title='bbox 690 761 865 856; x_wconf 90' lang='lat' dir='ltr'><strong>quidquid</strong></span> <span class='ocrx_word' id='word_1_14' title='bbox 882 762 957 859; x_wconf 80' lang='lat' dir='ltr'><strong>regi</strong></span> <span class='ocrx_word' id='word_1_15' title='bbox 976 765 1153 858; x_wconf 76' lang='lat' dir='ltr'><strong>adiectum</strong></span> <span class='ocrx_word' id='word_1_16' title='bbox 1176 780 1253 862; x_wconf 85' lang='lat' dir='ltr'><strong>eat;</strong></span> 
     </span>
     <span class='ocr_line' id='line_1_4' title="bbox 242 888 1257 984; baseline 0.004 -18"><span class='ocrx_word' id='word_1_17' title='bbox 242 891 287 966; x_wconf 90' lang='lat' dir='ltr'><strong>dc</strong></span> <span class='ocrx_word' id='word_1_18' title='bbox 298 890 431 962; x_wconf 83' lang='lat' dir='ltr'>Tiresia</span> <span class='ocrx_word' id='word_1_19' title='bbox 443 889 537 960; x_wconf 90' lang='lat' dir='ltr'><strong>enim</strong></span> <span class='ocrx_word' id='word_1_20' title='bbox 550 888 628 983; x_wconf 90' lang='lat' dir='ltr'><strong>ipso</strong></span> <span class='ocrx_word' id='word_1_21' title='bbox 640 891 878 984; x_wconf 79' lang='lat' dir='ltr'><strong>quumpoucol</strong></span> <span class='ocrx_word' id='word_1_22' title='bbox 891 911 998 983; x_wconf 84' lang='lat' dir='ltr'><strong>quem</strong></span> <span class='ocrx_word' id='word_1_23' title='bbox 1015 892 1077 964; x_wconf 86' lang='lat' dir='ltr'><strong>vix</strong></span> <span class='ocrx_word' id='word_1_24' title='bbox 1090 894 1257 970; x_wconf 79' lang='lat' dir='ltr'><strong>audimus</strong></span> 
     </span>
     <span class='ocr_line' id='line_1_5' title="bbox 241 1011 1258 1109; baseline 0.006 -23"><span class='ocrx_word' id='word_1_25' title='bbox 241 1014 378 1089; x_wconf 88' lang='lat' dir='ltr'><strong>itineris</strong></span> <span class='ocrx_word' id='word_1_26' title='bbox 387 1013 574 1109; x_wconf 85' lang='lat' dir='ltr'><strong>poenitere,</strong></span> <span class='ocrx_word' id='word_1_27' title='bbox 586 1011 804 1107; x_wconf 82' lang='lat' dir='ltr'><strong>moxOEdipi</strong></span> <span class='ocrx_word' id='word_1_28' title='bbox 812 1012 1152 1092; x_wconf 87' lang='lat' dir='ltr'><strong>verbiscommotum</strong></span> <span class='ocrx_word' id='word_1_29' title='bbox 1161 1019 1258 1093; x_wconf 81' lang='lat' dir='ltr'><strong>vide</strong></span> 
     </span>
     <span class='ocr_line' id='line_1_6' title="bbox 241 1137 1255 1233; baseline -0.001 -15"><span class='ocrx_word' id='word_1_30' title='bbox 241 1161 319 1218; x_wconf 82' lang='lat' dir='ltr'><strong>mus</strong></span> <span class='ocrx_word' id='word_1_31' title='bbox 337 1139 486 1212; x_wconf 89' lang='lat' dir='ltr'><strong>crimina</strong></span> <span class='ocrx_word' id='word_1_32' title='bbox 503 1138 629 1213; x_wconf 85' lang='lat' dir='ltr'><strong>eadem</strong></span> <span class='ocrx_word' id='word_1_33' title='bbox 640 1137 804 1211; x_wconf 83' lang='lat' dir='ltr'><strong>inferenti</strong></span> <span class='ocrx_word' id='word_1_34' title='bbox 820 1139 999 1233; x_wconf 80' lang='lat' dir='ltr'><strong>delegare.</strong></span> <span class='ocrx_word' id='word_1_35' title='bbox 1010 1182 1058 1198; x_wconf 92' lang='lat'><em>-</em></span> <span class='ocrx_word' id='word_1_36' title='bbox 1070 1143 1255 1218; x_wconf 80' lang='lat' dir='ltr'><strong>Neminem</strong></span> 
     </span>
     <span class='ocr_line' id='line_1_7' title="bbox 239 1263 1256 1366; baseline 0.009 -30"><span class='ocrx_word' id='word_1_37' title='bbox 239 1264 470 1357; x_wconf 78' lang='lat' dir='ltr'><strong>aulemlugit,</strong></span> <span class='ocrx_word' id='word_1_38' title='bbox 486 1266 663 1341; x_wconf 85' lang='lat' dir='ltr'><strong>neminem</strong></span> <span class='ocrx_word' id='word_1_39' title='bbox 680 1285 750 1336; x_wconf 91' lang='lat' dir='ltr'><strong>uon</strong></span> <span class='ocrx_word' id='word_1_40' title='bbox 759 1263 863 1356; x_wconf 87' lang='lat' dir='ltr'><strong>juvat</strong></span> <span class='ocrx_word' id='word_1_41' title='bbox 874 1266 1049 1360; x_wconf 89' lang='lat' dir='ltr'><strong>quidquid</strong></span> <span class='ocrx_word' id='word_1_42' title='bbox 1062 1267 1098 1340; x_wconf 92' lang='lat' dir='ltr'><strong>in</strong></span> <span class='ocrx_word' id='word_1_43' title='bbox 1112 1292 1150 1342; x_wconf 91' lang='lat' dir='ltr'><strong>rc</strong></span> <span class='ocrx_word' id='word_1_44' title='bbox 1164 1270 1256 1366; x_wconf 80' lang='lat' dir='ltr'><strong>ipso</strong></span> 
     </span>
     <span class='ocr_line' id='line_1_8' title="bbox 239 1387 1257 1490; baseline 0.004 -30"><span class='ocrx_word' id='word_1_45' title='bbox 239 1409 310 1482; x_wconf 89' lang='lat' dir='ltr'><strong>que</strong></span> <span class='ocrx_word' id='word_1_46' title='bbox 319 1387 444 1483; x_wconf 86' lang='lat' dir='ltr'><strong>OEdipi</strong></span> <span class='ocrx_word' id='word_1_47' title='bbox 456 1388 529 1466; x_wconf 85' lang='lat' dir='ltr'><strong>lato</strong></span> <span class='ocrx_word' id='word_1_48' title='bbox 537 1387 725 1463; x_wconf 88' lang='lat' dir='ltr'><strong>obscurum</strong></span> <span class='ocrx_word' id='word_1_49' title='bbox 739 1397 793 1462; x_wconf 89' lang='lat' dir='ltr'><strong>est</strong></span> <span class='ocrx_word' id='word_1_50' title='bbox 806 1399 843 1461; x_wconf 90' lang='lat' dir='ltr'><strong>et</strong></span> <span class='ocrx_word' id='word_1_51' title='bbox 857 1410 989 1484; x_wconf 88' lang='lat' dir='ltr'><strong>anceps</strong></span> <span class='ocrx_word' id='word_1_52' title='bbox 1000 1388 1055 1486; x_wconf 81' lang='grc' dir='ltr'><strong>(τὸ</strong></span> <span class='ocrx_word' id='word_1_53' title='bbox 1068 1395 1257 1490; x_wconf 68' lang='grc' dir='ltr'>αἰνιγματῶ-</span> 
     </span>
     <span class='ocr_line' id='line_1_9' title="bbox 238 1507 1253 1611; baseline 0.008 -27"><span class='ocrx_word' id='word_1_54' title='bbox 238 1507 316 1611; x_wconf 74' lang='grc' dir='ltr'>δες),</span> <span class='ocrx_word' id='word_1_55' title='bbox 336 1515 373 1589; x_wconf 85' lang='lat' dir='ltr'><strong>iu</strong></span> <span class='ocrx_word' id='word_1_56' title='bbox 391 1516 465 1608; x_wconf 76' lang='lat' dir='ltr'><strong>apro</strong></span> <span class='ocrx_word' id='word_1_57' title='bbox 481 1514 578 1596; x_wconf 73' lang='lat' dir='ltr'><strong>coba</strong></span> <span class='ocrx_word' id='word_1_58' title='bbox 598 1514 739 1588; x_wconf 76' lang='lat' dir='ltr'><strong><em>traduci.</em></strong></span> <span class='ocrx_word' id='word_1_59' title='bbox 755 1511 906 1589; x_wconf 75' lang='lat' dir='ltr'><strong>Atticam</strong></span> <span class='ocrx_word' id='word_1_60' title='bbox 921 1535 1010 1591; x_wconf 89' lang='lat' dir='ltr'><strong>sano</strong></span> <span class='ocrx_word' id='word_1_61' title='bbox 1021 1517 1253 1592; x_wconf 78' lang='lat' dir='ltr'><strong>subtilitatem</strong></span> 
     </span>
     <span class='ocr_line' id='line_1_10' title="bbox 238 1637 1252 1731; baseline 0.005 -22"><span class='ocrx_word' id='word_1_62' title='bbox 238 1638 459 1722; x_wconf 80' lang='lat' dir='ltr'><strong>delectarunt</strong></span> <span class='ocrx_word' id='word_1_63' title='bbox 473 1637 629 1722; x_wconf 59' lang='lat' dir='ltr'><strong>manime</strong></span> <span class='ocrx_word' id='word_1_64' title='bbox 642 1637 822 1731; x_wconf 78' lang='lat' dir='ltr'><strong>ambiguae</strong></span> <span class='ocrx_word' id='word_1_65' title='bbox 837 1638 909 1710; x_wconf 88' lang='lat' dir='ltr'><strong>illae</strong></span> <span class='ocrx_word' id='word_1_66' title='bbox 925 1659 1034 1712; x_wconf 87' lang='lat' dir='ltr'><strong>vocas</strong></span> <span class='ocrx_word' id='word_1_67' title='bbox 1053 1640 1088 1712; x_wconf 93' lang='lat' dir='ltr'><strong>in</strong></span> <span class='ocrx_word' id='word_1_68' title='bbox 1111 1650 1183 1714; x_wconf 88' lang='lat' dir='ltr'><strong>tota</strong></span> <span class='ocrx_word' id='word_1_69' title='bbox 1203 1643 1252 1717; x_wconf 87' lang='lat' dir='ltr'><strong>fa-</strong></span> 
     </span>
     <span class='ocr_line' id='line_1_11' title="bbox 236 1762 1251 1861; baseline 0.01 -29"><span class='ocrx_word' id='word_1_70' title='bbox 236 1762 320 1845; x_wconf 83' lang='lat' dir='ltr'><strong>bula</strong></span> <span class='ocrx_word' id='word_1_71' title='bbox 339 1783 473 1857; x_wconf 81' lang='lat' dir='ltr'><strong>sparsae</strong></span> <span class='ocrx_word' id='word_1_72' title='bbox 492 1772 528 1836; x_wconf 89' lang='lat' dir='ltr'><strong>et</strong></span> <span class='ocrx_word' id='word_1_73' title='bbox 545 1763 648 1836; x_wconf 85' lang='lat' dir='ltr'><strong>aliter</strong></span> <span class='ocrx_word' id='word_1_74' title='bbox 666 1763 711 1834; x_wconf 88' lang='lat' dir='ltr'><strong>ab</strong></span> <span class='ocrx_word' id='word_1_75' title='bbox 730 1762 811 1836; x_wconf 87' lang='lat' dir='ltr'><strong>aliis</strong></span> <span class='ocrx_word' id='word_1_76' title='bbox 828 1772 864 1835; x_wconf 91' lang='lat' dir='ltr'><strong>et</strong></span> <span class='ocrx_word' id='word_1_77' title='bbox 880 1765 1043 1858; x_wconf 88' lang='lat' dir='ltr'><strong>personis</strong></span> <span class='ocrx_word' id='word_1_78' title='bbox 1062 1775 1098 1838; x_wconf 91' lang='lat' dir='ltr'><strong>et</strong></span> <span class='ocrx_word' id='word_1_79' title='bbox 1116 1776 1251 1861; x_wconf 86' lang='lat' dir='ltr'><strong>specta·</strong></span> 
     </span>
     <span class='ocr_line' id='line_1_12' title="bbox 236 1887 1253 1983; baseline 0.002 -23"><span class='ocrx_word' id='word_1_80' title='bbox 236 1888 372 1968; x_wconf 87' lang='lat' dir='ltr'><strong>toribus</strong></span> <span class='ocrx_word' id='word_1_81' title='bbox 396 1897 571 1982; x_wconf 80' lang='lat' dir='ltr'><strong>acceptae,</strong></span> <span class='ocrx_word' id='word_1_82' title='bbox 593 1887 672 1960; x_wconf 87' lang='lat' dir='ltr'><strong>sive</strong></span> <span class='ocrx_word' id='word_1_83' title='bbox 694 1887 787 1964; x_wconf 84' lang='lat' dir='ltr'><strong>vatis</strong></span> <span class='ocrx_word' id='word_1_84' title='bbox 813 1910 894 1983; x_wconf 85' lang='lat' dir='ltr'><strong>quae</strong></span> <span class='ocrx_word' id='word_1_85' title='bbox 922 1911 1008 1964; x_wconf 85' lang='lat' dir='ltr'><strong>vcra</strong></span> <span class='ocrx_word' id='word_1_86' title='bbox 1034 1891 1099 1963; x_wconf 89' lang='lat' dir='ltr'><strong>sed</strong></span> <span class='ocrx_word' id='word_1_87' title='bbox 1123 1890 1253 1964; x_wconf 89' lang='lat' dir='ltr'><strong>leviter</strong></span> 
     </span>
     <span class='ocr_line' id='line_1_13' title="bbox 236 2008 1250 2116; baseline 0.005 -32"><span class='ocrx_word' id='word_1_88' title='bbox 236 2012 397 2087; x_wconf 81' lang='lat' dir='ltr'><strong>involuta</strong></span> <span class='ocrx_word' id='word_1_89' title='bbox 425 2033 545 2116; x_wconf 74' lang='lat' dir='ltr'><strong>regem</strong></span> <span class='ocrx_word' id='word_1_90' title='bbox 574 2012 701 2089; x_wconf 78' lang='lat' dir='ltr'><strong>fallunt</strong></span> <span class='ocrx_word' id='word_1_91' title='bbox 724 2010 828 2108; x_wconf 73' lang='grc'><strong>(328,</strong></span> <span class='ocrx_word' id='word_1_92' title='bbox 851 2018 911 2111; x_wconf 81' lang='grc' dir='ltr'><strong>ἐγὼ</strong></span> <span class='ocrx_word' id='word_1_93' title='bbox 929 2008 997 2094; x_wconf 67' lang='grc' dir='ltr'><strong>δἀὐ</strong></span> <span class='ocrx_word' id='word_1_94' title='bbox 1017 2017 1061 2111; x_wconf 71' lang='grc' dir='ltr'><strong>μή</strong></span> <span class='ocrx_word' id='word_1_95' title='bbox 1077 2042 1157 2086; x_wconf 77' lang='lat' dir='ltr'><strong>aare</strong></span> <span class='ocrx_word' id='word_1_96' title='bbox 1172 2013 1250 2112; x_wconf 80' lang='grc' dir='ltr'><strong>τᾶμ’</strong></span> 
     </span>
     <span class='ocr_line' id='line_1_14' title="bbox 235 2131 1252 2235; baseline -0.002 -23"><span class='ocrx_word' id='word_1_97' title='bbox 235 2145 275 2218; x_wconf 77' lang='grc' dir='ltr'><strong>ὡς</strong></span> <span class='ocrx_word' id='word_1_98' title='bbox 290 2131 326 2211; x_wconf 76' lang='grc' dir='ltr'><strong>ἃν</strong></span> <span class='ocrx_word' id='word_1_99' title='bbox 343 2137 419 2217; x_wconf 62' lang='grc' dir='ltr'><strong>εἴπω</strong></span> <span class='ocrx_word' id='word_1_100' title='bbox 435 2141 477 2232; x_wconf 73' lang='grc' dir='ltr'>μή</span> <span class='ocrx_word' id='word_1_101' title='bbox 492 2137 534 2210; x_wconf 77' lang='grc' dir='ltr'><strong>τά</strong></span> <span class='ocrx_word' id='word_1_102' title='bbox 549 2142 579 2233; x_wconf 84' lang='grc' dir='ltr'><strong>γ’</strong></span> <span class='ocrx_word' id='word_1_103' title='bbox 594 2140 712 2233; x_wconf 59' lang='lat' dir='ltr'><strong>&amp;spritu</strong></span> <span class='ocrx_word' id='word_1_104' title='bbox 726 2138 825 2221; x_wconf 62' lang='grc' dir='ltr'><strong><em>κακά,</em></strong></span> <span class='ocrx_word' id='word_1_105' title='bbox 835 2178 884 2192; x_wconf 90' lang='lat'><em>-</em></span> <span class='ocrx_word' id='word_1_106' title='bbox 898 2137 983 2227; x_wconf 80' lang='lat'><strong>337,</strong></span> <span class='ocrx_word' id='word_1_107' title='bbox 994 2142 1052 2215; x_wconf 69' lang='lat' dir='ltr'><strong>‘trit</strong></span> <span class='ocrx_word' id='word_1_108' title='bbox 1070 2133 1252 2235; x_wconf 68' lang='lat' dir='ltr'><strong>uitri&#39;dpcb</strong></span> 
     </span>
     <span class='ocr_line' id='line_1_15' title="bbox 235 2260 1250 2365; baseline 0.005 -35"><span class='ocrx_word' id='word_1_109' title='bbox 235 2260 391 2359; x_wconf 79' lang='grc' dir='ltr'>ναίουσαν)</span> <span class='ocrx_word' id='word_1_110' title='bbox 415 2262 493 2337; x_wconf 88' lang='lat' dir='ltr'><strong>siue</strong></span> <span class='ocrx_word' id='word_1_111' title='bbox 522 2261 634 2365; x_wconf 81' lang='lat' dir='ltr'><strong>ipsius</strong></span> <span class='ocrx_word' id='word_1_112' title='bbox 659 2262 753 2355; x_wconf 80' lang='lat' dir='ltr'><strong>regis</strong></span> <span class='ocrx_word' id='word_1_113' title='bbox 780 2282 890 2356; x_wconf 90' lang='lat' dir='ltr'><strong>quum</strong></span> <span class='ocrx_word' id='word_1_114' title='bbox 919 2262 1126 2357; x_wconf 83' lang='lat' dir='ltr'><strong>imprudens</strong></span> <span class='ocrx_word' id='word_1_115' title='bbox 1149 2284 1250 2348; x_wconf 84' lang='lat' dir='ltr'><strong>suum</strong></span> 
     </span>
     <span class='ocr_line' id='line_1_16' title="bbox 234 2384 1251 2481; baseline 0.002 -25"><span class='ocrx_word' id='word_1_116' title='bbox 234 2386 390 2466; x_wconf 87' lang='lat' dir='ltr'><strong>indolem</strong></span> <span class='ocrx_word' id='word_1_117' title='bbox 410 2384 579 2480; x_wconf 85' lang='lat' dir='ltr'><strong>exprimit</strong></span> <span class='ocrx_word' id='word_1_118' title='bbox 594 2406 771 2479; x_wconf 85' lang='lat' dir='ltr'><strong>suamque</strong></span> <span class='ocrx_word' id='word_1_119' title='bbox 789 2385 867 2480; x_wconf 92' lang='lat' dir='ltr'><strong>ipse</strong></span> <span class='ocrx_word' id='word_1_120' title='bbox 885 2386 1026 2463; x_wconf 88' lang='lat' dir='ltr'><strong>ruinam</strong></span> <span class='ocrx_word' id='word_1_121' title='bbox 1045 2386 1251 2481; x_wconf 83' lang='lat' dir='ltr'><strong>pronuntiat</strong></span> 
     </span>
     <span class='ocr_line' id='line_1_17' title="bbox 233 2507 1243 2605; baseline -0.001 -23"><span class='ocrx_word' id='word_1_122' title='bbox 233 2507 291 2605; x_wconf 84' lang='lat' dir='ltr'><strong>(V.</strong></span> <span class='ocrx_word' id='word_1_123' title='bbox 302 2519 410 2585; x_wconf 85' lang='lat' dir='ltr'><strong>totam</strong></span> <span class='ocrx_word' id='word_1_124' title='bbox 420 2507 805 2605; x_wconf 63' lang='lat' dir='ltr'><strong>,impraedationem</strong></span> <span class='ocrx_word' id='word_1_125' title='bbox 815 2520 908 2600; x_wconf 80' lang='lat' dir='ltr'><strong>ets,</strong></span> <span class='ocrx_word' id='word_1_126' title='bbox 921 2532 963 2586; x_wconf 89' lang='lat' dir='ltr'><strong>ac</strong></span> <span class='ocrx_word' id='word_1_127' title='bbox 975 2511 1144 2598; x_wconf 83' lang='lat' dir='ltr'><strong>maxime,</strong></span> <span class='ocrx_word' id='word_1_128' title='bbox 1155 2507 1243 2601; x_wconf 73' lang='grc'>261,</span> 
     </span>
    </p>
   </div>
   <div class='ocr_carea' id='block_1_3' title="bbox 233 2633 1250 2734">
    <p class='ocr_par' dir='ltr' id='par_1_3' title="bbox 233 2633 1250 2734">
     <span class='ocr_line' id='line_1_18' title="bbox 233 2633 1250 2734; baseline 0.004 -26"><span class='ocrx_word' id='word_1_129' title='bbox 233 2639 359 2734; x_wconf 75' lang='grc' dir='ltr'>ὡσπερεὶ</span> <span class='ocrx_word' id='word_1_130' title='bbox 386 2643 501 2733; x_wconf 74' lang='lat' dir='ltr'><strong>rcbpcu</strong></span> <span class='ocrx_word' id='word_1_131' title='bbox 526 2639 729 2734; x_wconf 55' lang='grc' dir='ltr'><strong>πατρόςμ-</strong></span> <span class='ocrx_word' id='word_1_132' title='bbox 680 2633 866 2727; x_wconf 79' lang='grc'>-*91,</span> <span class='ocrx_word' id='word_1_133' title='bbox 851 2667 870 2713; x_wconf 85' lang='grc' dir='ltr'><strong>η</strong></span> <span class='ocrx_word' id='word_1_134' title='bbox 894 2639 949 2706; x_wconf 83' lang='grc' dir='ltr'><strong>και</strong></span> <span class='ocrx_word' id='word_1_135' title='bbox 970 2647 1026 2718; x_wconf 76' lang='grc' dir='ltr'><strong>τῆς</strong></span> <span class='ocrx_word' id='word_1_136' title='bbox 1053 2641 1127 2733; x_wconf 77' lang='grc' dir='ltr'>ἐμῆς</span> <span class='ocrx_word' id='word_1_137' title='bbox 1149 2635 1250 2731; x_wconf 76' lang='grc' dir='ltr'>ψυχῆς</span> 
     </span>
    </p>
   </div>
   <div class='ocr_carea' id='block_1_4' title="bbox 230 2757 1250 3959">
    <p class='ocr_par' dir='ltr' id='par_1_4' title="bbox 230 2757 1250 3959">
     <span class='ocr_line' id='line_1_19' title="bbox 231 2757 1250 2857; baseline 0.003 -28.077"><span class='ocrx_word' id='word_1_138' title='bbox 231 2764 311 2856; x_wconf 66' lang='lat' dir='ltr'><strong>rapat</strong></span> <span class='ocrx_word' id='word_1_139' title='bbox 339 2757 532 2855; x_wconf 81' lang='grc'>-116,*</span> <span class='ocrx_word' id='word_1_140' title='bbox 517 2791 536 2838; x_wconf 84' lang='grc' dir='ltr'><strong>η</strong></span> <span class='ocrx_word' id='word_1_141' title='bbox 555 2761 613 2857; x_wconf 77' lang='grc' dir='ltr'><strong>γὰρ</strong></span> <span class='ocrx_word' id='word_1_142' title='bbox 599 2767 833 2856; x_wconf 74' lang='grc' dir='ltr'><strong>ρεύτυχιῖς..</strong></span> <span class='ocrx_word' id='word_1_143' title='bbox 825 2763 912 2832; x_wconf 75' lang='lat' dir='ltr'><strong>obt</strong></span> <span class='ocrx_word' id='word_1_144' title='bbox 932 2771 978 2850; x_wconf 80' lang='grc' dir='ltr'><strong>τῷ</strong></span> <span class='ocrx_word' id='word_1_145' title='bbox 1003 2764 1059 2832; x_wconf 79' lang='grc' dir='ltr'><strong>θεῶ</strong></span> <span class='ocrx_word' id='word_1_146' title='bbox 1084 2757 1250 2857; x_wconf 71' lang='grc' dir='ltr'><strong>φανούμεθ’</strong></span> 
     </span>
     <span class='ocr_line' id='line_1_20' title="bbox 231 2881 1248 2981; baseline 0 -25"><span class='ocrx_word' id='word_1_147' title='bbox 231 2885 479 2966; x_wconf 62' lang='lat' dir='ltr'><strong>insorduisse.</strong></span> <span class='ocrx_word' id='word_1_148' title='bbox 491 2881 633 2974; x_wconf 82' lang='grc'>-515,</span> <span class='ocrx_word' id='word_1_149' title='bbox 647 2888 723 2981; x_wconf 73' lang='lat' dir='ltr'><strong>paud</strong></span> <span class='ocrx_word' id='word_1_150' title='bbox 725 2885 876 2980; x_wconf 72' lang='grc' dir='ltr'><strong>άνεινίγὼ</strong></span> <span class='ocrx_word' id='word_1_151' title='bbox 889 2888 1052 2965; x_wconf 64' lang='lat' dir='ltr'><strong>nunde.-</strong></span> <span class='ocrx_word' id='word_1_152' title='bbox 1005 2883 1177 2956; x_wconf 79' lang='grc'>--*6*10</span> <span class='ocrx_word' id='word_1_153' title='bbox 1142 2895 1248 2980; x_wconf 62' lang='lat' dir='ltr'><strong>‚aptit</strong></span> 
     </span>
     <span class='ocr_line' id='line_1_21' title="bbox 232 3005 1249 3106; baseline -0.002 -24"><span class='ocrx_word' id='word_1_154' title='bbox 232 3009 343 3106; x_wconf 80' lang='grc' dir='ltr'>ἄτιμον</span> <span class='ocrx_word' id='word_1_155' title='bbox 355 3005 629 3090; x_wconf 54' lang='lat' dir='ltr'><strong>vulnerarentur</strong></span> <span class='ocrx_word' id='word_1_156' title='bbox 643 3006 713 3105; x_wconf 78' lang='grc' dir='ltr'>βίᾳ)</span> <span class='ocrx_word' id='word_1_157' title='bbox 726 3006 795 3103; x_wconf 89' lang='grc'>(1)</span> <span class='ocrx_word' id='word_1_158' title='bbox 809 3008 950 3083; x_wconf 80' lang='lat' dir='ltr'><strong>Scilicet</strong></span> <span class='ocrx_word' id='word_1_159' title='bbox 961 3008 1136 3102; x_wconf 80' lang='lat' dir='ltr'><strong>ingeniosi</strong></span> <span class='ocrx_word' id='word_1_160' title='bbox 1151 3009 1249 3086; x_wconf 77' lang='lat' dir='ltr'><strong>vide·</strong></span> 
     </span>
     <span class='ocr_line' id='line_1_22' title="bbox 231 3134 1242 3229; baseline -0.003 -21"><span class='ocrx_word' id='word_1_161' title='bbox 231 3134 359 3208; x_wconf 86' lang='lat' dir='ltr'><strong>bantur</strong></span> <span class='ocrx_word' id='word_1_162' title='bbox 378 3135 414 3206; x_wconf 91' lang='lat' dir='ltr'><strong>in</strong></span> <span class='ocrx_word' id='word_1_163' title='bbox 435 3136 479 3207; x_wconf 90' lang='lat' dir='ltr'><strong>iis</strong></span> <span class='ocrx_word' id='word_1_164' title='bbox 498 3135 737 3228; x_wconf 83' lang='lat' dir='ltr'><strong>intelligendis</strong></span> <span class='ocrx_word' id='word_1_165' title='bbox 754 3157 858 3208; x_wconf 89' lang='lat' dir='ltr'><strong>sunm</strong></span> <span class='ocrx_word' id='word_1_166' title='bbox 876 3136 1057 3228; x_wconf 79' lang='lat' dir='ltr'><strong>ingenium</strong></span> <span class='ocrx_word' id='word_1_167' title='bbox 1079 3135 1242 3229; x_wconf 80' lang='lat' dir='ltr'><strong>experti3</strong></span> 
     </span>
     <span class='ocr_line' id='line_1_23' title="bbox 231 3260 1246 3366; baseline -0.006 -31"><span class='ocrx_word' id='word_1_168' title='bbox 231 3263 294 3339; x_wconf 86' lang='lat' dir='ltr'><strong>sed</strong></span> <span class='ocrx_word' id='word_1_169' title='bbox 315 3282 388 3341; x_wconf 88' lang='lat' dir='ltr'><strong>non</strong></span> <span class='ocrx_word' id='word_1_170' title='bbox 404 3260 482 3332; x_wconf 86' lang='lat' dir='ltr'><strong>istis</strong></span> <span class='ocrx_word' id='word_1_171' title='bbox 501 3261 757 3334; x_wconf 86' lang='lat' dir='ltr'><strong>sententiarum</strong></span> <span class='ocrx_word' id='word_1_172' title='bbox 778 3261 926 3354; x_wconf 75' lang='lat' dir='ltr'><strong>argutiis</strong></span> <span class='ocrx_word' id='word_1_173' title='bbox 941 3262 1021 3366; x_wconf 77' lang='lat' dir='ltr'><strong>plus</strong></span> <span class='ocrx_word' id='word_1_174' title='bbox 1041 3281 1146 3354; x_wconf 88' lang='lat' dir='ltr'><strong>aequo</strong></span> <span class='ocrx_word' id='word_1_175' title='bbox 1164 3279 1246 3334; x_wconf 91' lang='lat' dir='ltr'><strong>cun-</strong></span> 
     </span>
     <span class='ocr_line' id='line_1_24' title="bbox 231 3382 1244 3478; baseline -0.006 -20"><span class='ocrx_word' id='word_1_176' title='bbox 231 3386 429 3459; x_wconf 91' lang='lat' dir='ltr'><strong>cedendum</strong></span> <span class='ocrx_word' id='word_1_177' title='bbox 450 3395 518 3474; x_wconf 87' lang='lat' dir='ltr'><strong>est,</strong></span> <span class='ocrx_word' id='word_1_178' title='bbox 539 3395 646 3478; x_wconf 87' lang='lat' dir='ltr'><strong>atque</strong></span> <span class='ocrx_word' id='word_1_179' title='bbox 666 3383 704 3456; x_wconf 92' lang='lat' dir='ltr'><strong>id</strong></span> <span class='ocrx_word' id='word_1_180' title='bbox 725 3386 808 3477; x_wconf 88' lang='lat' dir='ltr'><strong>jure</strong></span> <span class='ocrx_word' id='word_1_181' title='bbox 825 3385 929 3458; x_wconf 90' lang='lat' dir='ltr'><strong>nobis</strong></span> <span class='ocrx_word' id='word_1_182' title='bbox 944 3383 1184 3476; x_wconf 81' lang='lat' dir='ltr'><strong>colligendum</strong></span> <span class='ocrx_word' id='word_1_183' title='bbox 1206 3382 1244 3452; x_wconf 93' lang='lat' dir='ltr'><strong>in</strong></span> 
     </span>
     <span class='ocr_line' id='line_1_25' title="bbox 234 3506 1242 3605; baseline -0.005 -23"><span class='ocrx_word' id='word_1_184' title='bbox 234 3508 360 3605; x_wconf 83' lang='lat' dir='ltr'><strong>OEdc&#39;po</strong></span> <span class='ocrx_word' id='word_1_185' title='bbox 387 3533 459 3604; x_wconf 73' lang='lat' dir='ltr'><strong>repe</strong></span> <span class='ocrx_word' id='word_1_186' title='bbox 483 3510 737 3589; x_wconf 86' lang='lat' dir='ltr'><strong>divinationem</strong></span> <span class='ocrx_word' id='word_1_187' title='bbox 769 3509 1018 3605; x_wconf 87' lang='lat' dir='ltr'><strong>percommode</strong></span> <span class='ocrx_word' id='word_1_188' title='bbox 1044 3506 1242 3590; x_wconf 80' lang='lat' dir='ltr'><strong>adhibitam</strong></span> 
     </span>
     <span class='ocr_line' id='line_1_26' title="bbox 231 3630 1244 3730; baseline -0.004 -22"><span class='ocrx_word' id='word_1_189' title='bbox 231 3647 420 3730; x_wconf 85' lang='lat' dir='ltr'><strong>vatemque</strong></span> <span class='ocrx_word' id='word_1_190' title='bbox 445 3635 558 3730; x_wconf 87' lang='lat' dir='ltr'><strong>perite</strong></span> <span class='ocrx_word' id='word_1_191' title='bbox 591 3634 800 3721; x_wconf 84' lang='lat' dir='ltr'><strong>inductum¹</strong></span> <span class='ocrx_word' id='word_1_192' title='bbox 830 3635 895 3712; x_wconf 85' lang='lat' dir='ltr'><strong>sad</strong></span> <span class='ocrx_word' id='word_1_193' title='bbox 921 3655 987 3706; x_wconf 88' lang='lat' dir='ltr'><strong>nec</strong></span> <span class='ocrx_word' id='word_1_194' title='bbox 1012 3630 1244 3709; x_wconf 83' lang='lat' dir='ltr'><strong>divinationis</strong></span> 
     </span>
     <span class='ocr_line' id='line_1_27' title="bbox 231 3758 1242 3856; baseline -0.01 -16"><span class='ocrx_word' id='word_1_195' title='bbox 231 3782 296 3840; x_wconf 84' lang='lat' dir='ltr'><strong>nec</strong></span> <span class='ocrx_word' id='word_1_196' title='bbox 322 3759 483 3856; x_wconf 80' lang='lat' dir='ltr'><strong>praeclari</strong></span> <span class='ocrx_word' id='word_1_197' title='bbox 505 3761 598 3832; x_wconf 86' lang='lat' dir='ltr'><strong>vatis</strong></span> <span class='ocrx_word' id='word_1_198' title='bbox 621 3759 845 3853; x_wconf 84' lang='lat' dir='ltr'><strong>exprimendi</strong></span> <span class='ocrx_word' id='word_1_199' title='bbox 871 3758 1036 3853; x_wconf 86' lang='lat' dir='ltr'><strong>Sopbouli</strong></span> <span class='ocrx_word' id='word_1_200' title='bbox 1055 3758 1242 3838; x_wconf 68' lang='lat' dir='ltr'><strong>connium</strong></span> 
     </span>
     <span class='ocr_line' id='line_1_28' title="bbox 230 3885 353 3959; baseline 0.024 -3"><span class='ocrx_word' id='word_1_201' title='bbox 230 3885 353 3959; x_wconf 85' lang='lat' dir='ltr'><strong>luisse.</strong></span> 
     </span>
    </p>
   </div>
   <div class='ocr_carea' id='block_1_5' title="bbox 228 4083 1240 4258">
    <p class='ocr_par' dir='ltr' id='par_1_5' title="bbox 228 4083 1240 4258">
     <span class='ocr_line' id='line_1_29' title="bbox 265 4083 1240 4160; baseline -0.003 -18"><span class='ocrx_word' id='word_1_202' title='bbox 265 4089 303 4160; x_wconf 92' lang='lat' dir='ltr'><strong>(l)</strong></span> <span class='ocrx_word' id='word_1_203' title='bbox 318 4086 362 4145; x_wconf 83' lang='lat' dir='ltr'><strong>cf.</strong></span> <span class='ocrx_word' id='word_1_204' title='bbox 378 4087 494 4159; x_wconf 86' lang='lat' dir='ltr'><strong>quando</strong></span> <span class='ocrx_word' id='word_1_205' title='bbox 508 4091 537 4142; x_wconf 89' lang='lat' dir='ltr'><strong>et</strong></span> <span class='ocrx_word' id='word_1_206' title='bbox 551 4084 635 4157; x_wconf 84' lang='lat' dir='ltr'><strong>quale</strong></span> <span class='ocrx_word' id='word_1_207' title='bbox 650 4085 734 4142; x_wconf 85' lang='lat' dir='ltr'><strong>sitin</strong></span> <span class='ocrx_word' id='word_1_208' title='bbox 748 4083 889 4158; x_wconf 82' lang='lat' dir='ltr'><strong>AEschylo</strong></span> <span class='ocrx_word' id='word_1_209' title='bbox 901 4085 1057 4142; x_wconf 90' lang='lat' dir='ltr'><strong>verborum</strong></span> <span class='ocrx_word' id='word_1_210' title='bbox 1075 4085 1105 4140; x_wconf 94' lang='lat' dir='ltr'><strong>id</strong></span> <span class='ocrx_word' id='word_1_211' title='bbox 1125 4099 1240 4157; x_wconf 83' lang='lat' dir='ltr'><strong>genua,</strong></span> 
     </span>
     <span class='ocr_line' id='line_1_30' title="bbox 228 4185 373 4258; baseline 0 -16"><span class='ocrx_word' id='word_1_212' title='bbox 228 4203 258 4258; x_wconf 90' lang='lat' dir='ltr'><strong>p.</strong></span> <span class='ocrx_word' id='word_1_213' title='bbox 276 4185 327 4258; x_wconf 84' lang='grc'><strong>16,</strong></span> <span class='ocrx_word' id='word_1_214' title='bbox 343 4203 373 4242; x_wconf 91' lang='lat' dir='ltr'><strong>n.</strong></span> 
     </span>
    </p>
   </div>
   <div class='ocr_carea' id='block_1_6' title="bbox 0 0 1632 5112">
    <p class='ocr_par' dir='ltr' id='par_1_6' title="bbox 0 0 1632 5112">
     <span class='ocr_line' id='line_1_31' title="bbox 0 0 1632 5112; baseline 0 5"><span class='ocrx_word' id='word_1_215' title='bbox 0 0 1632 5112; x_wconf 95' lang='lat' dir='ltr'><strong> </strong></span> 
     </span>
    </p>
   </div>
  </div>
 </body>
</html>
