3254 5112
778 529 940 592 ..43-

232 743 235 748 ,
353 676 402 740 tot
419 669 610 762 spoliorum
630 666 809 762 opulentia
828 667 1061 740 circumtusus
1081 680 1115 739 et
1135 668 1229 740 viam
1247 669 1368 740 multis

353 794 510 866 vestibus
526 815 752 889 purpuraque
769 801 916 864 stratam
933 794 1153 886 ingreditur,
1171 817 1274 866 senes
1293 818 1363 868 non

352 917 599 1014 triumphantis
607 916 790 990 victoriam
805 917 862 989 vel
875 917 1078 990 felicitatem
1088 940 1210 991 veram
1225 931 1363 1012 putant,

352 1041 423 1116 imo
438 1067 546 1137 quum
564 1044 716 1115 maxime
731 1053 905 1115 metuunt.
921 1043 1049 1115 Eorum
1066 1045 1223 1114 animum
1245 1045 1365 1117 neseio

351 1169 439 1262 quid
465 1169 603 1241 scelesti
626 1178 857 1260 augurantem
882 1168 978 1239 subit
1004 1169 1160 1241 dirorum
1187 1191 1284 1241 more
1310 1169 1366 1238 in·
1495 1195 1502 1210 ·

352 1293 568 1366 somniorum
587 1293 740 1365 invictus
760 1293 883 1381 timor,
905 1303 1012 1386 atque
1029 1315 1133 1364 aures
1151 1294 1273 1386 impiet
1289 1315 1365 1364 oar-

353 1437 434 1487 men
453 1417 630 1510 quoddam
650 1416 842 1512 injnssum‚
860 1438 975 1510 neque
993 1418 1106 1511 pretio
1121 1417 1194 1488 ullo
1214 1417 1364 1510 dignum

353 1565 469 1635 neque
489 1557 636 1636 usquam
664 1542 847 1614 vitandum
868 1543 960 1635 (979
982 1551 1170 1638 μαντιπολεῖ
1189 1539 1367 1612 tumnu-

353 1697 404 1748 τος
423 1667 546 1763 ἄμισθος
565 1663 689 1764 ἀοιδά).
709 1668 845 1761 Nempe
864 1668 900 1738 in
921 1690 964 1740 eo
987 1679 1042 1741 est
1060 1669 1144 1739 felix
1170 1668 1230 1738 ille
1255 1669 1370 1740 victor

354 1801 392 1862 ut
410 1792 584 1863 occultum
602 1793 787 1886 scopulum
802 1793 960 1864 ollendat
976 1790 1119 1886 (tuor).
1135 1792 1202 1875 Qui
1218 1792 1277 1878 sit,
1297 1815 1368 1864 non

354 1915 498 2005 dicunt,
515 1917 578 1987 sed
595 1916 738 1988 vident.

402 2039 484 2111 Haeo
503 2050 556 2111 est
575 2041 689 2112 omnis
706 2040 804 2114 chori
823 2041 960 2113 indoles
980 2052 1015 2113 et
1030 2042 1139 2131 acti03
1161 2063 1267 2134 aquo
1280 2041 1369 2112 nihil

353 2151 450 2253 aliod
470 2175 591 2259 postea
609 2165 733 2236 audies
744 2187 849 2259 quarn
867 2187 1048 2238 sermones
1069 2168 1124 2238 vel
1140 2166 1256 2260 potius
1271 2186 1369 2236 acer·

356 2287 462 2359 rimas
480 2310 560 2359 oum
578 2289 842 2384 Clytemnaestra
863 2299 899 2360 et
918 2291 1076 2383 AEgistho
1108 2289 1367 2362 altercationes.

354 2411 429 2483 Jam
457 2434 544 2484 uero
575 2412 670 2485 huno
698 2415 831 2508 exeipit
855 2415 966 2487 altera
989 2435 1139 2509 persona
1172 2414 1217 2484 ad
1246 2423 1372 2487 exacta

355 2538 645 2628 memorandum,
666 2540 783 2610 futura
803 2540 1083 2633 providendum,
1105 2539 1255 2611 obseura
1274 2561 1370 2610 scru-

355 2664 519 2748 tandum,
541 2663 794 2737 omniaordine
806 2667 1090 2759 persequendum
1108 2666 1220 2737 multo
1236 2665 1362 2758 aptior,

354 2811 415 2861 ore
435 2791 637 2878 ardentior,
659 2789 792 2862 divinae
811 2792 1024 2877 voluntatis,
1048 2803 1086 2862 ut
1106 2802 1205 2862 vales
1224 2787 1292 2887 (l),
1316 2791 1366 2860 in·

356 2921 488 3005 terpres
521 2914 664 3001 melior,
693 2916 911 2986 Cassandram
937 2915 1030 2987 dieo.
1060 2913 1364 3000 Quemadmodum

354 3040 389 3110 in
401 3043 508 3112 Persis
523 3042 568 3112 ad
586 3041 686 3112 Darii
701 3044 826 3130 verba,
839 3045 885 3114 ita
897 3043 956 3114 hio
971 3043 1016 3114 ad
1036 3045 1232 3114 Cassandrae
1251 3042 1365 3114 omnis

354 3165 470 3234 fabula
501 3175 668 3257 tanquam
695 3165 740 3236 ad
768 3175 902 3237 eertum
934 3165 1039 3237 finem
1068 3168 1244 3259 dirigitur.
1277 3165 1366 3235 Hinc

354 3288 453 3362 velut
468 3311 488 3360 e
502 3290 644 3382 specula
664 3289 700 3359 iu
721 3300 827 3361 totam
844 3313 916 3362 rem
933 3302 1137 3384 prospectus
1155 3302 1263 3385 patet,
1278 3301 1313 3361 et
1328 3289 1365 3359 iu

354 3413 528 3500 fabulam,
550 3413 621 3486 imo
637 3414 672 3484 in
691 3415 865 3506 trilogiam
882 3414 982 3487 lirmo
997 3418 1109 3508 gradu
1121 3417 1360 3488 descenditur.

352 3537 561 3609 vaticinatio
581 3539 655 3632 ipsa
674 3537 870 3610 Calchantis
894 3541 1043 3632 augurio
1068 3552 1264 3635 praeparata
1287 3548 1362 3626 est3

353 3662 543 3756 Iphigeniae
566 3665 733 3736 memoria
754 3666 888 3760 duplex
913 3667 1028 3739 caedes
1049 3678 1084 3739 el
1103 3668 1196 3760 regis
1221 3677 1257 3738 et
1281 3688 1363 3760 cap·

272 3869 273 3872 Ἴ
353 3788 436 3860 tivae
465 3791 755 3883 portendebatur.
784 3793 825 3864 Et
850 3793 886 3862 iu
910 3792 976 3864 hae
1002 3805 1160 3864 extrema
1186 3793 1364 3886 sequenti·

352 3913 490 4008 busque
509 3914 650 4005 sabulis,
669 3939 775 4010 quam
799 3918 922 3991 doloso
941 3931 976 3991 et
995 3919 1216 4012 suspicamur
1246 3927 1281 3988 et
1308 3917 1364 3987 vi·

388 4173 427 4247 (ll
448 4174 562 4244 Girard,
578 4176 730 4234 Sentimeot
744 4179 889 4249 religamur,
907 4179 970 4244 507,
986 4179 1024 4234 ol.
1040 4178 1102 4234 tta.
