3254 5112
613 1416 749 1492 CAPUT
775 1417 976 1492 TERTIUM.

697 1743 890 1822 obumbres.

645 2139 648 2144 Α
751 2056 834 2149 8⁴·

305 2301 396 2392 Quid
414 2305 454 2378 de
467 2305 667 2378 divinatione
684 2306 784 2378 simul
800 2329 839 2378 ao
857 2307 907 2378 dis
920 2306 1136 2402 popularibus
1151 2311 1287 2380 rouait

698 2430 883 2526 Ennbidos.

332 2681 448 2766 Quum
468 2682 650 2755 bominum
665 2684 710 2755 de
726 2684 781 2755 dis
798 2682 912 2754 omnis
927 2681 1141 2776 pervertitur
1159 2680 1295 2774 opinio,

285 2803 360 2876 fieri
378 2807 502 2900 nequit
516 2810 603 2901 quin
621 2808 854 2880 divinationis
873 2805 963 2878 fides
982 2816 1089 2900 atque
1107 2805 1300 2877 auotoritas

284 2930 517 3005 convellatur.
546 2930 729 3026 Popularia
759 2931 853 3004 enim
889 2930 1070 3024 religionis
1104 2930 1181 3002 baeo
1216 2949 1300 3024 pars

283 3052 421 3129 bostem
449 3057 562 3151 prima
587 3058 720 3131 sentire
744 3057 848 3147 solet,
877 3077 993 3151 neque
1024 3055 1093 3128 uisi
1126 3056 1172 3127 ab
1201 3055 1299 3127 illius

283 3180 554 3255 insectatoribus
581 3184 678 3278 apud
704 3193 844 3266 veteres
868 3183 978 3256 ferme
1005 3181 1294 3276 impugnabatur.

282 3303 533 3395 Quamobrem,
565 3318 603 3379 ut
627 3309 712 3382 satis
739 3308 873 3402 liqueat
898 3307 985 3402 quid
1008 3307 1054 3378 de
1075 3303 1298 3376 divinatione

282 3429 523 3504 immutaverit
549 3431 749 3527 Euripides,
782 3431 1056 3526 quoquomodo
1083 3449 1160 3500 eam
1190 3427 1296 3499 adhi-

281 3555 399 3627 buerit
443 3557 501 3628 vel
543 3558 662 3652 potius
704 3557 957 3650 exagitaverit,
1004 3576 1149 3626 necesse
1191 3565 1301 3651 caput

282 3678 397 3775 ipsum
410 3681 462 3750 rei
482 3694 641 3774 repetere
657 3690 693 3753 et
707 3681 786 3774 quid
799 3702 918 3752 novum
933 3681 987 3752 otto
1004 3681 1039 3750 in
1054 3681 1205 3774 rotante
1223 3690 1293 3752 teo-

282 3808 399 3876 tooerit
414 3824 520 3899 quam
536 3804 747 3906 brevissime
764 3797 973 3879 memorare.

330 3928 405 3999 Huo
441 3928 708 4001 devertentibus
739 3930 870 4024 saepins
908 3930 1013 4004 baesit
1045 3951 1138 4026 aqua
1168 3928 1297 4000 facilli·
1398 3953 1405 3965 *

283 4071 432 4146 musque
469 4053 660 4126 multorum
703 4076 802 4127 error
837 4053 903 4126 tuit
934 4054 1018 4150 quia
1044 4054 1081 4126 in
1109 4054 1294 4127 confusam

281 4185 413 4248 struem
442 4188 478 4250 at
509 4179 646 4252 lancem
675 4181 865 4276 quamdam
891 4190 1045 4256 saturam
1081 4181 1174 4255 male
1206 4201 1296 4259 cou-
