3254 5112
687 529 730 548 ..
750 496 787 559 67
810 529 848 546 ..

262 633 573 732 piausus'fflntip„
594 633 669 704 999
682 655 731 730 a,
752 633 846 704 1905
860 655 907 724 a,
933 634 984 706 cf.
1002 638 1092 730 Sept.
1113 638 1190 710 udo.
1205 639 1272 712 fb.

259 759 1272 862 24s.)e.textorumflammaequeuspeotusfflntip„ibide),

267 887 427 980 denique
442 887 541 978 signa
551 885 666 958 omnis
676 885 816 978 generis
828 908 908 980 quae
919 889 1032 959 notari
1045 901 1191 984 possunt
1200 893 1271 964 OE.
1338 894 1339 898 ’

261 1011 397 1103 9.,310
413 1032 423 1082 t
438 1014 511 1106 μήτ’
525 1011 579 1080 ἀπ’
592 1011 704 1078 οἰωνῶν
719 1009 809 1104 φάτιν
823 1015 897 1105 μήτ’
914 1011 945 1080 e't'
957 1017 1032 1082 τιν’
1046 1011 1163 1090 ἄλλην
1182 1043 1274 1111 μαν-

259 1147 373 1216 ennae
394 1138 478 1230 ἔχεις
497 1129 582 1205 ὁδόν.
598 1173 648 1188 -·-
661 1132 730 1202 396
749 1159 757 1202 :
778 1137 843 1204 οὔτ’
866 1139 899 1204 ἐν
918 1138 990 1206 θεῶν
1009 1163 1065 1206 του
1081 1142 1210 1234 γνωτόν.
1229 1171 1274 1196 -

258 1260 330 1330 905
344 1285 352 1330 :
364 1262 555 1357 τερασκόπῳ.
586 1257 667 1330 Vid.
686 1258 838 1345 Lchker,
854 1259 958 1352 Sapit.
976 1261 1102 1349 rteot„
1120 1263 1148 1353 1,
1161 1286 1196 1358 p.
1214 1261 1275 1361 15)

258 1384 323 1456 sed
349 1384 434 1477 duia
465 1403 523 1454 ars
547 1393 602 1454 est
635 1381 791 1452 bumana
821 1403 862 1452 ac
888 1384 1014 1455 ceteris
1039 1407 1109 1458 non
1135 1387 1274 1484 dispar,

260 1510 336 1603 ipsa
354 1509 460 1580 etiam
480 1519 516 1578 et
544 1527 663 1580 errare
685 1517 720 1578 et
739 1505 861 1578 fallere
884 1518 1015 1601 potest.
1035 1509 1147 1603 Ipsius
1169 1511 1276 1604 igitur

261 1645 316 1706 est
335 1632 425 1704 fides
447 1634 595 1704 incerta.
617 1632 739 1724 itaque
766 1653 887 1724 reges,
908 1631 1042 1724 siquid
1061 1635 1273 1728 praetulerit,

260 1767 299 1829 ut
313 1766 445 1845 cetera,
457 1755 613 1850 experiri
621 1756 840 1828 etaestimare
852 1777 891 1827 se
901 1778 1006 1850 posse
1016 1758 1225 1848 defendunt,
1241 1771 1277 1833 et

257 1882 465 1954 criminibus
491 1881 652 1956 avaritiae
671 1891 708 1951 et
727 1878 889 1974 perfidiae
906 1891 1006 1953 uates
1025 1883 1271 1976 insequuntur.

257 2005 304 2079 At
327 2007 422 2079 enim
449 2005 561 2099 liquet
580 2015 703 2098 postea
721 2004 809 2075 salsa
836 2004 946 2076 fuisse
968 2005 1069 2077 istius
1095 2006 1191 2078 modi
1207 2007 1274 2079 cri·

257 2133 372 2224 mina3
392 2131 524 2224 maJora
544 2129 688 2224 quidem
708 2139 792 2200 sunt
809 2139 845 2200 et
861 2131 1043 2202 acerbiora
1065 2152 1171 2224 quarn
1192 2153 1273 2225 quae

258 2258 351 2329 intra
367 2257 433 2329 bos
454 2265 626 2348 angustos
646 2253 735 2326 fines
752 2265 982 2326 coerceantur
1000 2252 1069 2350 (1).
1096 2255 1169 2329 bno
1186 2255 1273 2328 nibil

258 2381 497 2476 respondetur
512 2379 649 2473 OEdipo
664 2378 836 2473 quaerenti
847 2375 930 2474 (391
954 2377 1004 2475 s.)
1018 2401 1081 2450 cur
1100 2379 1273 2453 laboranti

257 2508 341 2580 olim
366 2505 501 2579 civitati
529 2517 577 2576 et*
593 2513 694 2578 vates
720 2514 756 2576 et
784 2525 841 2575 ars
877 2524 999 2577 eorum
1043 2519 1112 2576 tam
1138 2506 1273 2578 inutilis

257 2632 374 2704 inerit.
417 2629 510 2702 Nihil
539 2629 635 2701 enim
675 2629 883 2724 responderi
920 2639 1057 2723 poterat
1079 2641 1207 2723 praeter
1236 2630 1273 2702 id

257 2757 353 2851 quod
381 2754 566 2848 Euripides
603 2754 773 2847 (Helene,
810 2751 911 2854 752).
944 2765 979 2826 et
1015 2752 1273 2849 Aristophanes

256 2878 495 2978 (Aeaeae
505 2885 583 2951 θεῖον
599 2874 752 2960 ἐνεπόδιζέ
764 2877 819 2976 pe)
833 2889 955 2974 postea
972 2879 1185 2953 deriserunt.
1201 2881 1273 2954 Sed

257 3006 403 3078 maximi
429 3005 604 3077 momenti
628 3013 712 3076 sunt
730 3003 830 3077 ebori
856 3005 966 3078 verba
984 3003 1074 3102 (OE.
1094 3010 1154 3097 9.,
1182 3006 1270 3099 999,
1409 2997 1412 3005 ’

258 3133 342 3207 boi.
363 3135 414 3208 Cf.
435 3132 507 3208 380
526 3137 643 3230 ττέχνο
663 3139 773 3230 τέχνης
791 3133 1007 3232 ὑπερφέρουσα)
1024 3157 1104 3229 quae
1120 3156 1274 3230 quocun·

256 3281 326 3354 que
346 3260 450 3333 modo
466 3281 508 3331 ea
524 3259 765 3354 interpreteris
779 3257 849 3356 (9),
869 3257 976 3332 fidem
995 3261 1061 3332 arti
1076 3261 1273 3352 abrogant,¹

237 3393 292 3456 'et
305 3383 507 3455 divinantes
534 3384 571 3454 in
585 3384 742 3456 omnium
761 3405 847 3455 eane
863 3405 1048 3455 numerum
1069 3394 1263 3480 reponunt.

257 3505 334 3592 Quo
353 3508 470 3580 minus
489 3509 704 3579 vaticinantes
721 3506 977 3578 admirabimur
996 3507 1042 3578 ab
1059 3508 1102 3578 iis
1119 3528 1270 3602 quorum

253 3633 412 3706 ¹consiliis
440 3643 638 3727 repugnant
661 3643 697 3704 et
721 3633 880 3703 contemni
899 3643 935 3705 et
959 3632 1124 3705 omnibus
1143 3644 1266 3706 contu·

257 3757 371 3828 meliis
395 3756 522 3828 vexari
538 3754 643 3849 (Vide
662 3756 699 3824 in
715 3759 878 3848 Antiquae
897 3766 933 3826 et
956 3756 994 3826 in
1013 3757 1148 3852 OEdtpo
1169 3761 1268 3852 Repe,

293 4063 331 4133 (1)
346 4061 472 4134 [abblico
493 4062 948 4132 Versammtunp...dnoretett.‚
964 4081 993 4136 p.
1010 4065 1053 4122 73.

294 4159 333 4229 (9)
348 4157 424 4216 Vide
438 4159 551 4227 Petere,
569 4157 657 4219 rtet
671 4159 766 4232 supa
780 4177 809 4233 p.
827 4160 871 4227 11,
887 4178 916 4216 n.
