3254 5112
793 605 952 668 ..38-

369 741 545 842 ξυνωρίδος,
560 765 773 836 unusquam
791 743 885 836 pium
904 743 1016 834 magis
1032 743 1383 837 constantioremqne

368 872 406 942 in
422 872 568 966 pristina
585 869 654 941 tide
674 870 782 941 fuisse
794 869 886 938 inter
904 889 1028 940 omnes
1046 869 1233 957 convenit,
1255 870 1377 943 lovem

367 997 556 1092 quemdam
585 996 744 1089 iniquum
763 1005 798 1065 et
817 995 1046 1088 impotentem
1072 995 1265 1087 expressit3
1291 995 1383 1066 aiter

366 1142 472 1216 quem
490 1120 634 1192 omnino
661 1119 862 1190 liberiorem
886 1118 1057 1210 religione
1077 1118 1296 1212 deorumque
1315 1140 1374 1212 pa·

366 1247 513 1318 triorum
543 1245 795 1336 exagitatorem
819 1243 978 1332 iaciunt,
1016 1265 1087 1316 non
1120 1245 1226 1316 modo
1255 1267 1375 1316 eorum

366 1381 459 1441 sarta
478 1380 568 1441 teuta
583 1368 758 1456 defendit,
770 1366 832 1437 sed
851 1366 1214 1461 saoraaphiiosopbis
1228 1369 1377 1440 maxime

366 1495 625 1589 reprehensaet
636 1492 890 1566 recentioribus
902 1493 1377 1585 suspectaoelebravit.Quae

365 1619 431 1689 init
445 1619 552 1711 igitur
570 1617 727 1710 Euripidi
749 1626 856 1688 tantae
876 1617 1121 1688 iuoon'stantiae
1141 1620 1273 1688 oausa‘?
1289 1619 1375 1689 Nam

364 1745 517 1838 priorem
538 1743 654 1815 dedis
677 1743 878 1836 opinionem
897 1764 967 1813 non
987 1743 1204 1835 abjudicavit
1219 1744 1277 1814 itte
1296 1765 1374 1838 spe·

364 1867 451 1940 oiosi
471 1867 577 1939 officii
593 1889 698 1938 eausa
715 1865 784 1962 (i),
799 1887 913 1960 neque
935 1867 1006 1937 uilo
1023 1867 1178 1938 creduiae
1196 1888 1375 1963 saevaeque

279 2073 288 2081 ,
363 1992 557 2086 plebeoutae
584 1993 708 2064 timore
728 1992 923 2082 adductus,
943 1993 1110 2085 quoniam
1128 1992 1223 2086 apud
1240 1990 1374 2065 Arche·

241 2105 251 2124 '
362 2117 457 2189 laum
479 2118 650 2211 degebat,
678 2118 771 2188 etin
796 2119 975 2190 nonnullis
1002 2118 1151 2188 aliarum
1177 2119 1372 2189 fabularum

361 2240 448 2311 locis
464 2242 536 2332 Jam
555 2240 716 2311 eamdem
737 2241 948 2312 sententiam
976 2241 1152 2312 invenias,
1171 2243 1259 2313 Vide
1285 2265 1374 2336 quos

361 2365 465 2436 attert
480 2363 765 2456 Naegelsbachius
787 2366 832 2434 N.
856 2364 910 2453 tt,
928 2388 963 2457 p.
986 2362 1069 2435 463.
1088 2343 1378 2448 Quae'diifioultas

361 2499 402 2559 nt
420 2488 654 2582 expediatur,
681 2489 725 2559 ad
754 2499 952 2582 temporum
980 2489 1258 2560 immutationem
1278 2512 1372 2562 oom-

361 2634 576 2706 munemque
615 2613 729 2685 aetatis
761 2613 971 2684 sententiam
1012 2613 1297 2707 respiciendum,
1337 2628 1373 2686 et

360 2738 514 2832 primum
544 2738 710 2828 historia,
745 2737 876 2810 deinde
902 2738 1067 2810 voluntas
1092 2738 1268 2833 Euripidis
1292 2740 1373 2810 dili-

361 2861 502 2955 gentius
522 2875 576 2934 est
594 2863 844 2956 expendenda.

409 2986 523 3069 Quum
553 2990 703 3081 primum
730 2986 973 3080 auspicaretur
1000 3009 1103 3058 snum
1130 3009 1219 3080 opus
1245 2999 1368 3081 poeta,

361 3110 562 3183 cavendum
592 3132 677 3181 sane
710 3111 848 3181 fuitne
886 3109 1156 3183 Atheniensium
1190 3112 1368 3204 ingenium

360 3234 396 3305 in
414 3233 727 3328 pulcherrimarum
756 3256 871 3304 rerum
898 3233 1132 3306 admiratione
1162 3237 1366 3331 tanguoret,

358 3368 395 3432 et
412 3359 587 3454 praeterita
600 3359 710 3451 gioria
721 3359 978 3452 praeteritisque
994 3360 1121 3451 opibus
1137 3371 1340 3431 contentum
1357 3417 1365 3447 ,

358 3484 426 3555 sibi
448 3485 538 3555 maie
553 3482 727 3573 diffisum,
749 3483 909 3575 vestigiis
927 3483 1001 3553 suis
1021 3493 1148 3570 staret,
1169 3486 1226 3554 vel
1251 3487 1372 3578 potius

358 3610 449 3679 inira
474 3631 556 3680 suas
581 3610 676 3681 vires
701 3610 899 3701 famamque
925 3629 1025 3679 suam
1053 3609 1245 3680 recederet.
1281 3610 1366 3680 Tum

358 3735 542 3828 Euripides
561 3735 689 3828 impius
707 3755 951 3827 novarumque
969 3756 1086 3805 rerum
1106 3756 1214 3827 prave
1230 3735 1364 3806 studio·

354 3882 419 3934 sus
448 3862 594 3932 sortasse
622 3861 771 3931 audivit.
802 3860 917 3943 Quum
946 3882 1032 3932 vero
1059 3871 1253 3931 extremam
1284 3859 1371 3930 vitae

356 3995 487 4058 motam
499 3985 814 4079 appropinquaret,
830 3986 976 4058 omnino
987 3984 1054 4056 alia
1073 3984 1203 4077 populo
1219 3983 1367 4053 vitanda

398 4267 432 4340 rr)
449 4266 517 4326 vra.
532 4266 628 4332 naun.
645 4264 697 4337 ru,
713 4265 842 4322 atr-ata.
