3254 5112
799 503 960 566 ..56-

370 639 468 712 vitiis
483 650 632 726 careret,
646 661 727 732 quae
741 641 777 710 in
795 640 966 712 imitando
982 650 1103 734 postea
1119 640 1179 712 vix
1195 643 1385 733 quisquam

371 763 508 855 effugit.
535 804 583 818 —
611 763 806 836 Cassandra
834 787 1011 835 summum
1040 765 1196 858 corporis
1224 764 1389 838 dolorem

368 899 475 958 cantu
499 888 700 984 (μελοτυπεῖ,
732 887 860 985 1453),
889 888 994 978 fletu,
1023 889 1155 980 ejulatu
1186 889 1383 982 significat,

368 1033 435 1084 nec
457 1013 632 1083 immerito
652 1012 777 1084 hostiis
797 1014 842 1083 ad
862 1034 1000 1084 sacrum
1021 1014 1232 1108 supplicium
1253 1013 1384 1110 (4297)
1465 1077 1468 1084 ,

368 1137 488 1208 tractis
513 1148 748 1231 comparatur.
775 1139 838 1208 Hic
865 1160 951 1210 vero
979 1140 1071 1209 nullu
1098 1141 1270 1210 cantilenae
1295 1140 1391 1210 itlius·

297 1291 299 1300 ⁴
366 1265 504 1347 mentio,
536 1281 605 1353 qua
636 1261 739 1332 toties
768 1256 943 1333 columnae
972 1274 1199 1357 rumpentur,
1230 1285 1383 1357 quaeque

369 1395 441 1456 tota
473 1397 527 1456 est
557 1385 759 1458 decoloris
793 1387 1056 1478 immutatione,
1087 1389 1186 1460 vocis
1217 1391 1382 1460 trementi

367 1535 476 1604 sono,
499 1536 677 1587 comarum
705 1515 872 1606 horrore,
900 1517 1028 1588 ardore
1047 1518 1251 1606 oculorum,
1276 1518 1390 1589 totius

367 1641 524 1733 corporis
540 1641 744 1733 agitatione.
754 1641 802 1712 Ea
817 1662 903 1713 saue
922 1642 1064 1730 actoris,
1081 1664 1151 1714 uon
1173 1654 1288 1736 poetae
1302 1642 1384 1715 oid·

368 1765 422 1835 cia
456 1787 535 1837 esse
564 1766 749 1860 AEschyius
783 1765 993 1860 judicavit3
1030 1767 1079 1838 nd
1109 1771 1264 1838 interiora
1294 1787 1390 1839 vero

365 1892 481 1960 mentis
495 1891 681 1984 spectavit,
698 1911 779 1984 quae
791 1911 876 1962 vere
891 1891 1078 1962 aestimanti
1096 1913 1202 1962 acne
1218 1891 1379 1963 credenti

366 2019 509 2112 quidem
536 2020 617 2090 talia
642 2021 720 2113 ptus
741 2019 896 2113 profecto
916 2022 1083 2092 momenti
1106 2021 1251 2134 ipabent.
1274 2021 1380 2092 Mira-

365 2145 461 2216 beris
480 2166 566 2217 sane
587 2146 767 2239 quomodo
789 2155 898 2216 aestus
923 2146 981 2216 itte
999 2143 1106 2242 (ttst
1132 2145 1183 2242 s.)
1207 2147 1386 2218 obscurus·

258 2280 260 2284 '
361 2271 516 2370 primum
543 2282 578 2343 et
601 2284 682 2348 ante
702 2281 943 2364 tempestatem
969 2271 1095 2342 tacitus
1115 2272 1233 2343 subito
1253 2292 1374 2341 erum·

365 2406 443 2488 pat,
463 2395 587 2466 crebro
606 2395 736 2466 deiude
755 2393 863 2466 fluctu
886 2395 1112 2483 intumescat,
1135 2417 1218 2467 mox
1243 2395 1280 2464 in·
1307 2395 1387 2464 lar*

365 2518 482 2610 giores
501 2539 666 2590 numeros
689 2517 848 2608 diffluat,
870 2519 984 2591 donec
1007 2519 1042 2587 in
1063 2519 1181 2590 omnia
1207 2519 1385 2612 temporis·

365 2642 476 2736 spatia
505 2642 575 2713 late
594 2641 755 2716 inundet.
780 2641 856 2712 Non
883 2641 985 2712 aliter
1003 2639 1197 2712 Cassandra
1225 2641 1378 2734 primum

365 2768 514 2855 avertit,
552 2777 587 2837 et
621 2789 729 2859 quum
771 2766 894 2837 videre
930 2777 1045 2860 potest
1082 2767 1269 2853 connivet,
1307 2766 1387 2837 imo·

364 2893 421 2963 vel
441 2914 549 2984 quum
568 2893 644 2962 visa
667 2892 774 2975 vetut
788 2891 900 2983 digito
920 2902 1092 2962 monstrat
1112 2888 1238 2986 (tuos,
1263 2919 1378 2986 μαρτυ-

366 3021 455 3116 ρίοισι
491 3016 619 3109 τοῖσδε,
661 3059 704 3072 -·
744 3017 860 3108 ΗΜ,
887 3021 920 3089 τί
951 3006 1025 3089 adde
1069 3017 1226 3115 φαίνεται)
1268 3019 1381 3090 haeret

365 3156 482 3216 tamen
502 3145 652 3238 sitetque
669 3145 795 3234 muita3
814 3165 897 3216 mox
914 3145 976 3214 ubi
995 3144 1063 3214 deo
1079 3145 1224 3236 cogitur
1237 3164 1375 3237 parere,

364 3282 495 3343 rectam
512 3271 584 3363 agit
601 3272 715 3360 viam,
731 3269 893 3340 sublimis
912 3269 1027 3338 fertur
1040 3289 1102 3340 ore
1117 3270 1189 3360 jam
1207 3291 1276 3340 nou
1296 3290 1375 3358 suc,

363 3408 399 3468 et
417 3396 515 3488 large
533 3397 585 3466 sio
598 3395 715 3466 omnia
733 3394 937 3488 pronuntiat
952 3403 992 3463 ut
1010 3393 1151 3464 taudem
1165 3391 1385 3464 defluxerint

362 3533 488 3592 cuncta
515 3520 733 3608 velamenta,
755 3529 872 3612 pateat
902 3519 1005 3588 deus.
1032 3557 1080 3570 —
1102 3517 1377 3589 vaticinationes
1487 3495 1490 3500 ’

363 3643 1383 3737 nostrijudicantliberioreaccomponendigenerepaene·
1470 3743 1472 3748 Ι

346 3767 509 3848 ,omuino
528 3773 644 3844 soluto
664 3771 837 3863 indigere.
871 3769 960 3840 Vide
980 3779 1150 3862 quantum
1172 3766 1378 3837 dissenserit

344 3896 619 3969 audacissimus
657 3895 716 3970 ille
754 3905 916 3966 veterum
955 3904 1168 3987 poetarum,
1206 3890 1266 3982 qui
1304 3910 1378 3960 nou.

363 4022 470 4094 modo
487 4021 522 4090 in
547 4031 694 4114 utraque
714 4009 813 4112 parte
833 4018 960 4092 ordine
987 4028 1022 4088 et
1041 4017 1148 4088 reiut
1173 4015 1260 4086 orbe
1285 4034 1374 4108 quo-

364 4148 444 4221 dam
468 4147 586 4222 omnia
613 4144 820 4237 circumegit
846 4155 881 4216 et
907 4142 972 4213 tria
1000 4152 1156 4236 tempora
1179 4140 1379 4212 notavitut
