3254 5112
698 529 857 592 ..57-

268 657 1284 760 secundumeaprolcrrenturrerumimagines‚sedetiam
1327 732 1332 742 .

270 812 311 862 ea
332 803 420 862 certo
440 791 506 884 tepe
526 800 629 860 totum
648 789 795 860 &vincit
818 813 898 883 opor
927 802 965 863 ut
983 793 1042 863 vel
1065 793 1100 863 in
1127 793 1288 867 iambicis

269 936 457 987 numerum
477 936 646 986 versuum
674 896 935 1009 pausarumque
955 917 1071 987 locum
1099 919 1285 1014 praescrip·

269 1050 343 1111 tum
365 1050 468 1112 antea
484 1061 526 1111 ac
543 1040 756 1111 destinatum
774 1061 940 1114 essenon
957 1053 1104 1128 temere,
1121 1043 1228 1116 modo
1245 1043 1285 1116 id

268 1164 305 1236 in
323 1175 432 1236 totum
455 1164 646 1257 intelligas,
666 1164 858 1237 defendere
875 1186 982 1237 ausus
997 1167 1043 1237 sit
1058 1167 1285 1240 doctissimus
1348 1171 1351 1178 '

267 1289 383 1381 gentis
403 1299 534 1360 nostrae
554 1289 745 1380 magister,
774 1289 820 1359 de
839 1289 894 1360 his
915 1291 1022 1361 rebus
1047 1290 1142 1361 idem
1162 1300 1286 1363 auctor
1319 1301 1321 1306 '

267 1414 567 1508 locupletissimus
583 1411 653 1508 (l).
669 1413 762 1486 Cave
776 1436 822 1485 ne
833 1425 936 1508 putes
949 1415 1007 1487 his
1022 1417 1182 1508 angustis
1201 1417 1285 1488 obs·
1331 1404 1332 1407 ¹

268 1539 409 1610 triotum
428 1539 581 1610 vinculis
599 1538 754 1634 AEscbyli
776 1540 958 1632 ingenium
976 1551 1038 1611 aut
1053 1542 1209 1632 jacuisse
1225 1550 1287 1613 aut

266 1665 468 1755 refrixisse3
491 1686 672 1758 nunquam
690 1665 878 1736 sublimius
899 1666 1029 1738 elatum
1047 1689 1185 1757 cernes,
1205 1689 1285 1740 nus·

267 1810 372 1882 quam
389 1789 437 1860 ita
451 1789 571 1876 caluit,
588 1788 685 1883 quod
702 1790 779 1882 ipso
794 1789 964 1862 orationis
980 1813 1111 1882 genere
1123 1791 1285 1865 demens·
1360 1829 1362 1835 ·

267 1920 390 1985 tratur.
408 1914 493 1984 Rem
510 1915 696 1984 obscuram
710 1915 917 1986 obscuriora
933 1915 1054 2002 verba,
1068 1916 1283 1988 eminentem

267 2038 385 2134 plana,
397 2048 641 2132 erumpentem
653 2039 866 2114 ardentiaet
880 2039 1067 2111 aestuantia
1077 2039 1280 2132 designant;

267 2185 409 2256 pressus
440 2164 618 2258 primum,
649 2163 731 2234 dein
770 2165 961 2258 copiosus,
998 2162 1056 2235 hio
1084 2164 1281 2256 miserans,

266 2288 338 2358 illio
362 2288 500 2360 minans
521 2289 641 2361 omnia
666 2298 768 2382 poeta
790 2310 885 2362 novo
907 2300 1014 2384 atque
1034 2290 1192 2384 undique
1212 2291 1280 2362 cir·

264 2414 426 2484 cumfuse
445 2414 634 2508 splendore
659 2414 837 2503 incendit,
860 2425 896 2486 et
920 2415 956 2485 in
977 2436 1017 2486 ro
1036 2416 1104 2487 sibi
1124 2438 1196 2488 non
1216 2415 1282 2487 im·

264 2539 340 2632 pari
360 2560 399 2609 se
417 2538 683 2632 quodammodo
701 2539 802 2610 vicit.

312 2661 521 2733 Cassandrae
551 2684 639 2735 vero
667 2663 778 2755 ipsius
806 2661 911 2732 indole
937 2662 987 2732 nil
1019 2661 1215 2754 pulchrius.
1244 2661 1280 2734 Si

264 2787 351 2880 quid
369 2787 404 2856 in
420 2787 563 2878 antiqua
577 2787 694 2856 tabula
714 2784 938 2856 incommode
956 2785 1160 2874 referretur,
1176 2796 1280 2880 pocta

266 2910 409 2981 sustulit
433 2910 621 3004 ipsumque
645 2909 762 3000 Ajacis
788 2923 917 2981 nomen
942 2910 1072 2998 tacuit3
1099 2931 1140 2982 ea
1159 2920 1280 2982 contro

265 3034 395 3126 adjecit
407 3033 537 3128 quibus
552 3034 610 3105 vel
624 3033 741 3127 purior
757 3033 815 3104 vel
828 3035 943 3125 sortior
953 3033 1148 3104 videretur.
1163 3032 1280 3118 Quum

264 3175 365 3235 vates
383 3162 660 3258 Clytemnaestrae
682 3162 937 3256 impudentiam
961 3162 1174 3252 detestatur,
1198 3163 1282 3257 quis
1342 3177 1345 3186 “

263 3299 436 3383 temperet
460 3289 546 3381 quin
575 3288 620 3359 ad
645 3289 736 3360 hanc
753 3288 918 3381 respiciat
941 3289 1176 3380 advertatque
1201 3287 1280 3358 ani·

266 3433 360 3484 mum
378 3434 483 3505 quam
504 3424 599 3485 casta
620 3414 811 3485 verborum
829 3413 991 3482 libertate
1010 3411 1165 3481 maxima
1183 3409 1279 3480 Atri-

264 3539 389 3608 darum
420 3515 551 3628 flebilia
580 3547 814 3631 persequatur
833 3533 968 3630 (1193,
998 3530 1111 3622 tuat,
1143 3530 1277 3630 ⁴258);

263 3680 335 3754 qua
349 3660 563 3731 verecundi-a
582 3659 627 3731 de
641 3659 815 3754 Apollinis
834 3675 954 3728 amore
970 3656 1184 3751 interrogata
1203 3678 1279 3730 res·

301 3888 336 3958 (lt
358 3887 449 3952 Weil
466 3887 587 3942 Journal
600 3889 790 3956 pontrallnct.
802 3889 892 3959 publ,
911 3888 990 3956 1860,
1002 3907 1030 3962 p.
1049 3889 1099 3947 186
1114 3896 1143 3948 et
1157 3907 1182 3949 a.
1194 3890 1280 3950 Gom·

265 3983 391 4056 position
411 3983 604 4056 symetrique,
626 3989 682 4039 etc.
704 3983 747 4039 De
764 4001 796 4042 re
816 4001 850 4041 ac
868 3985 941 4042 locis
961 3987 1069 4059 quibus
1089 3988 1211 4060 questio
1233 3988 1281 4045 illa

149 4103 156 4116 ·
264 4085 384 4142 tractata
398 4087 458 4152 est,
472 4080 538 4136 vide
553 4080 786 4138 dissertationem
801 4081 918 4138 Hirzelii
935 4085 986 4152 tlte
1001 4086 1146 4154 Euripidis
1161 4088 1193 4140 irc
1206 4093 1282 4141 com·

262 4179 394 4248 ponendis
408 4179 539 4235 diuerbic's
553 4184 629 4246 crte,
648 4179 740 4253 Lips,
758 4181 846 4250 tuot,
861 4181 1018 4256 praecipue,
1034 4201 1063 4256 p.
1081 4183 1096 4238 3
1112 4189 1141 4238 et
1156 4183 1206 4250 1.).
