3250 5120
653 515 814 578 -19..

227 655 374 754 noxius.
396 652 466 724 Sed
483 651 528 724 ud
548 650 687 746 singula
713 672 944 747 properemus
963 653 1094 746 quibus
1114 656 1241 728 melius

228 781 442 854 haerebimus
463 799 569 872 quam
590 778 626 849 iu
647 777 818 849 universo
838 798 970 870 genere
990 779 1123 850 tamdiu
1145 801 1241 852 oom-

229 905 462 979 morabimur.

690 1051 776 1146 §u

305 1256 371 1324 Gur
396 1250 553 1345 quomodo
578 1256 612 1322 et
639 1251 751 1343 quales
775 1250 979 1322 inducantur
1002 1253 1169 1342 Durius,

459 1371 1008 1486 Cassandru,[ffPrometlteus.

279 1574 409 1646 Tamen
428 1583 509 1644 ante
529 1591 636 1666 quum
656 1572 702 1644 de
722 1570 834 1642 tribus
852 1571 1016 1642 maximis
1034 1595 1115 1666 quae
1144 1575 1246 1646 indu·

233 1708 361 1770 cuntur
391 1697 552 1793 personis
575 1695 769 1785 disseram,
789 1694 1037 1789 praenuittenda
1059 1697 1178 1791 uliquu
1202 1699 1247 1770 de

234 1824 277 1896 iis
298 1845 379 1917 quoe
397 1823 640 1914 infrequentis
657 1821 702 1891 ad
722 1830 822 1891 vates
842 1820 1015 1913 quosdam
1035 1823 1160 1894 autad
1179 1845 1249 1895 orn·

235 1949 592 2042 nemdivinetionem
613 1947 803 2041 pertinent.
846 1994 847 1998 ¹
1188 1947 1189 1950 ’

282 2073 464 2167 Quidquid
496 2073 565 2144 tale
596 2093 675 2144 esse
709 2093 755 2143 ex
784 2094 854 2143 uuo
884 2071 1013 2143 fubulae
1040 2085 1249 2164 argumento

235 2199 435 2295 conjicitur,
466 2197 608 2290 negligo
633 2194 716 2293 (l);
738 2197 822 2268 ulia
854 2217 941 2268 vero
974 2219 1083 2290 quum
1116 2200 1250 2292 puuois-

235 2327 323 2398 sime
347 2325 437 2412 sint,
458 2323 544 2395 satis
566 2323 633 2393 erit
652 2331 789 2393 notare.
815 2321 1066 2395 Praedictiones
1086 2324 1250 2396 videmus

236 2443 1251 2544 luisseetPromethei(2)inPrometlteosoluto(f.72ets.)

233 2573 397 2646 etGluuoi
408 2572 443 2642 in
454 2573 577 2644 Glauco
592 2571 727 2642 murino
739 2569 776 2666 (f.
795 2570 863 2645 427
877 2571 1248 2666 ets.).DiciturApol·

237 2697 300 2768 lini
313 2697 455 2770 oracula
473 2717 537 2768 sua
553 2695 870 2789 Jupitermundare
882 2692 924 2790 (f.
936 2693 1023 2784 225,
1037 2697 1250 2794 Sacerdotes).

235 2821 335 2892 lllum
358 2830 500 2893 accusat
523 2819 568 2891 de
587 2818 660 2890 lilio
680 2818 799 2890 Thetis
814 2815 856 2913 (l.
877 2816 961 2906 445,
982 2818 1237 2918 Psychostusiu)

236 2944 394 3018 Bacchus
438 2955 557 3016 nutent
602 2942 789 3015 deridendi
831 2965 938 3014 cuusu
982 2945 1186 3016 nominatur
1231 2961 1253 3016 u

202 3164 205 3172 .
237 3071 398 3166 Lycurgo
415 3066 457 3165 (f.
480 3068 517 3158 9,
545 3066 689 3165 Edoni):
713 3069 966 3164 ὁμουσόμαντις.
989 3069 1137 3141 Divinus
1157 3070 1254 3143 furor

106 3223 113 3236 ·
192 3171 202 3194 ²
239 3194 398 3287 gravidae
415 3193 571 3266 Semeles
589 3191 790 3285 fingebatur
805 3189 847 3288 (f.
871 3191 954 3282 499,
975 3191 1123 3288 Semele).
1147 3195 1252 3265 Deni-

240 3341 310 3413 que
329 3321 375 3391 de
391 3318 571 3392 ominibus
590 3329 626 3390 et
643 3319 802 3412 auguriis
819 3317 901 3390 vide
919 3319 943 3389 l.
965 3315 1029 3406 28,
1051 3321 1251 3412 Lycurqum,

241 3455 276 3515 et
295 3444 320 3516 f.
346 3443 434 3533 ltu,
454 3444 589 3514 *Cauros
605 3440 674 3540 (3).
1210 3457 1211 3460 ’

277 3667 315 3736 (4)
330 3663 422 3722 Verbi
443 3679 532 3721 cause
550 3663 616 3721 vide
638 3665 674 3721 de
693 3665 917 3736 Amphiaraum
941 3664 1087 3722 Thebaide
1109 3667 1253 3737 (Ahrens,

243 3781 272 3837 p.
287 3763 340 3820 225
355 3763 410 3832 u),
425 3761 462 3818 de
474 3763 568 3819 Proteo
583 3765 623 3836 (p.
638 3762 714 3833 254),
730 3762 767 3820 de
780 3762 907 3820 oraculis
920 3769 950 3820 et
963 3765 1067 3822 Arrisit·
1076 3763 1107 3822 in
1117 3764 1255 3824 Perseide

243 3859 282 3934 (p.
296 3861 360 3930 244)
373 3897 381 3926 ,
397 3865 427 3917 et
443 3861 549 3930 Telephi
563 3865 602 3933 (p.
617 3859 681 3929 246)
697 3861 727 3916 in
740 3859 878 3932 Telepho.

278 3955 313 4029 (4)
330 3956 477 4016 Numeros
491 3964 524 4015 ut
537 3957 598 4015 dixi
612 3959 743 4018 diremti
755 3974 874 4032 sequor.

280 4053 319 4124 (3)
334 4053 450 4128 Fragm.
468 4055 535 4122 162,
552 4058 644 4129 Aiacis
658 4058 737 4115 torri
750 4057 862 4130 omitto,
878 4056 958 4132 quod
971 4058 1076 4120 melius
1091 4057 1126 4114 ad
1142 4057 1256 4132 Sopho·

246 4150 300 4207 olis
315 4151 439 4223 Ajacem
451 4153 586 4213 refertur.
