3254 5112
637 555 797 620 ...65-

146 697 150 710 ”
202 697 256 767 ad
270 693 475 787 fingendum
486 695 719 786 loeus,qunm
735 703 901 787 putarent
919 693 1080 767 homines
1098 695 1226 767 volun·

207 829 318 892 tatem
328 818 494 892 divinam
508 827 674 892 eventum
690 817 818 890 melius
832 839 874 890 ao
891 818 982 890 facta
992 839 1100 913 quam
1113 820 1225 892 uerba

110 1012 113 1018 .
204 944 429 1038 exprimere3
446 942 540 1014 unde
557 953 593 1015 et
603 943 710 1034 justis
722 941 817 1014 illius
832 942 1100 1037 interpretibus,
1118 944 1227 1017 idest

213 1066 367 1152 vatibus,
389 1076 425 1138 et
443 1066 511 1159 ipsi
527 1065 649 1153 ohoro,
666 1087 771 1160 quem
787 1067 949 1140 eamdem
966 1066 1160 1161 aliquando
1179 1067 1226 1138 si·

213 1190 400 1285 gnificasse
427 1192 609 1278 vidimus,
641 1191 832 1286 plurimum
861 1192 927 1265 fuit
951 1189 1223 1264 detrabendum.

206 1319 288 1392 Non
303 1318 512 1413 Sophoclem
530 1318 689 1412 Euripidi
714 1319 1018 1412 quemadmodum
1046 1319 1165 1412 plnres
1190 1319 1227 1390 in

213 1440 279 1515 bao
298 1439 397 1537 paite
418 1443 651 1515 simillimum
659 1412 782 1534 judico
801 1441 876 1540 (l),
895 1443 961 1515 sed
985 1443 1140 1515 maxima
1159 1423 1224 1537 ap·v

210 1576 315 1660 paret
336 1566 432 1640 inter
452 1579 642 1661 utrumqne
661 1577 697 1639 et
714 1567 918 1663 AEsohylnm
939 1567 1152 1641 differentia.

261 1690 560 1784 frequentissima
606 1691 665 1763 hie
710 1703 765 1764 est
820 1695 1025 1765 namnam
1067 1694 1226 1785 mentio;

207 1816 343 1909 ¹quibus
365 1826 526 1890 constant
541 1825 577 1888 et
604 1817 763 1911 OEdipus
786 1821 882 1906 neo,
902 1818 1118 1911 OEdtposqoe
1137 1819 1228 1890 Colo·

211 1961 310 2027 osum
350 1942 493 2014 videtur
529 1943 739 2015 eorumdem
772 1943 949 2015 interdum
976 1942 1065 2015 fides
1093 1952 1227 2015 etauc-

214 2068 335 2139 toritas
369 2068 523 2140 maxima
541 2065 611 2165 (2).
634 2068 772 2153 Quibus
799 2068 836 2138 in
861 2069 969 2140 rebus
998 2080 1034 2140 et
1059 2091 1130 2163 quo
1147 2079 1230 2140 tem·

211 2211 299 2288 pore
325 2193 551 2286 exagitantur
581 2215 646 2266 nee
667 2193 745 2266 sine
770 2193 844 2265 risu
869 2205 1123 2283 memorantur,
1152 2204 1226 2267 tum

213 2316 369 2388 maxime
397 2317 473 2391 sole
505 2317 700 2390 illustriora
728 2328 867 2411 patent,
890 2328 927 2389 et
956 2328 1051 2392 totus
1079 2321 1229 2413 OEdrpus

213 2443 288 2514 fleo
306 2462 429 2513 eorum
446 2441 632 2514 veritatem
649 2440 848 2514 confirmat.
868 2441 998 2514 Tamen
1012 2443 1229 2516 nullomodo

126 2565 129 2570 ’
215 2565 300 2638 inde
337 2567 454 2660 colligi
493 2577 609 2661 potest
645 2568 805 2641 voluisse
834 2567 1046 2662 Sophoclem
1068 2568 1230 2641 oraculis

214 2692 459 2764 auctoritatem
480 2693 669 2764 restituere
683 2689 754 2788 (3).
776 2693 851 2764 lmo
865 2695 938 2785 jam
960 2693 1076 2786 aliqua
1093 2694 1230 2784 jactan-

214 2818 417 2910 torquibus
437 2839 536 2889 mens
555 2817 613 2888 vel
625 2817 810 2890 voluntate
829 2816 963 2891 firmior
973 2840 1011 2889 re
1023 2818 1230 2890 labefactata

170 2927 174 2938 ’
214 2941 369 3016 videtur.
391 2941 482 3014 Dum
514 2942 652 3013 Iocasta
686 2940 746 3012 illa
777 2941 1012 3013 calumniatur
1038 2953 1179 3036 aperte,
1209 2963 1232 3014 n

210 3065 322 3138 ohoro
360 3064 551 3159 quaeritur,
595 3085 640 3136 an
676 3086 722 3137 ex
752 3065 931 3158 responsis
968 3065 1138 3138 nonnulla
1173 3064 1231 3137 vel

214 3212 324 3262 unum
343 3191 546 3264 inveniatur
568 3191 695 3263 falsum
724 3203 788 3263 ant
809 3191 991 3264 infectum.
1017 3191 1108 3284 Ergo
1124 3211 1230 3284 quam

214 3314 272 3387 isti
292 3316 450 3388 nondum
474 3315 630 3404 babent,
660 3316 724 3387 sed
750 3315 884 3387 babere
904 3338 1007 3409 posse
1026 3314 1229 3403 confidunt,

210 3448 345 3510 oertam
382 3439 565 3531 inquirunt
603 3461 744 3511 oausam
781 3439 826 3510 de
861 3438 1012 3510 oraculis
1040 3436 1226 3528 judicandi

208 3564 301 3657 ‹quid
320 3557 449 3657 enidue
464 3563 639 3636 libuisset.
662 3563 749 3648 Quae
764 3565 834 3635 alia
852 3585 932 3636 esse
943 3562 1034 3635 solet
1047 3560 1232 3633 diffidendi

255 3820 289 3886 tlt
308 3817 349 3876 Ut
368 3817 498 3884 Lffblrer,
516 3818 598 3888 Snpb.
617 3818 718 3884 Theoi..
735 3837 765 3892 p.
786 3819 833 3875 25.
853 3816 959 3874 Contra
973 3817 1007 3874 0.
1023 3816 1137 3883 Miilfer,
1159 3819 1230 3874 Vera.

210 3916 301 3983 ‚datf.,
317 3915 365 3984 11,
380 3935 409 3990 p.
426 3914 492 3982 486,
509 3933 539 3971 n.

256 4013 290 4085 (2)
309 4013 353 4070 Gi.
368 4011 500 4081 bubum,
516 4012 598 4083 sot.
616 4013 717 4078 f'bool„
732 4031 762 4086 p.
778 4013 830 4085 43,
847 4020 877 4070 et
892 4012 1012 4079 Petere,
1032 4015 1120 4071 Tbool.
1136 4013 1231 4084 Sopb.‚

214 4127 247 4184 p.
265 4110 309 4166 ff.

255 4208 290 4279 i³i
307 4207 341 4265 Id
354 4211 484 4268 defendit
496 4210 647 4282 Ilbffnger,
663 4213 700 4267 llo
713 4212 769 4281 foti
783 4218 852 4278 eto„
869 4229 899 4282 p.
914 4211 948 4267 to
963 4203 993 4269 e't
1009 4213 1055 4270 tt.
