3254 5112
756 499 913 563 -84-

327 641 500 738 prehensa
527 641 676 714 4344334
703 661 724 712 3
747 641 891 713 ciuitate
916 643 1164 733 exterminata,
1187 667 1293 740 quam
1316 669 1337 720 3

325 765 400 838 3343
415 776 450 836 34
472 766 581 859 partis
599 787 674 838 snae
692 764 855 836 maximis
870 776 1047 841 accusate.
1065 768 1214 841 Damnat
1232 771 1341 865 igitur

325 891 512 986 Euripides
540 891 715 984 quidquid
743 889 793 959 iili
821 892 1043 964 somniarunt
1063 891 1129 988 (4),
1157 895 1238 968 ooeii
1264 896 1337 968 dis·

326 1017 482 1094 cordiam
491 1014 806 1112 (Ηίρρ.,43283.),
818 1016 965 1090 deorum
974 1019 1207 1110 ignorantiam
1217 1019 1333 1116 (Hero.

324 1147 409 1238 fue,
432 1140 541 1240 347),
564 1143 712 1237 turpiter
733 1142 807 1234 (Fg.
829 1144 1029 1236 Belleropt„
1049 1144 1139 1234 300,
1159 1168 1196 1217 v.
1218 1144 1255 1242 4)
1274 1158 1340 1220 334

325 1269 456 1360 injuste
473 1269 562 1338 faeta
576 1263 692 1361 (Herc.
711 1271 794 1359 fua,
813 1265 898 1359 347,
917 1266 1120 1360 133254),
1135 1269 1333 1364 perfidiam,

325 1393 527 1488 superbiam
542 1390 681 1487 (Ηίρρ,
703 1392 756 1489 7),
776 1393 846 1464 iras
863 1393 1016 1484 (Borea,
1038 1391 1161 1488 4348),
1184 1396 1340 1470 ultiones

326 1518 382 1591 vel
403 1519 494 1589 inter
517 1539 596 1590 sese
617 1515 755 1612 (ilipa,
779 1515 902 1614 4420),
920 1518 978 1591 vei
1001 1519 1037 1590 in
1056 1519 1218 1593 homines
1232 1533 1337 1616 'para-

327 1640 585 1739 tas(Aadrom.,
603 1640 711 1717 4404.
727 1646 826 1714 Herc.
837 1646 922 1735 sur„
939 1641 1010 1714 843
1028 1655 1063 1715 34
1081 1666 1110 1716 3.
1125 1655 1160 1718 34
1179 1645 1272 1716 4308
1285 1668 1332 1738 3.,

324 1769 464 1859 Bacch„
495 1765 588 1840 4243
619 1777 655 1838 34
684 1764 790 1837 4344.
816 1769 939 1861 Hipp„
976 1765 1021 1837 40
1044 1778 1080 1840 34
1102 1771 1166 1862 3.),
1197 1780 1332 1864 stupra,

324 1893 495 1964 adulteria
514 1902 551 1964 et
569 1891 716 1962 inomni
734 1912 865 1983 genere
881 1891 1046 1964 libidines
1062 1889 1201 1987 (ilipa,
1221 1891 1290 1966 452
1300 1915 1336 1966 3.

323 2018 423 2088 Herc.
444 2020 528 2108 sur„
553 2015 645 2086 4340
666 2025 701 2086 34
723 2013 809 2085 4344
834 2037 864 2086 3.
885 2016 947 2108 Fg.
967 2018 1120 2111 Antion„
1146 2015 1244 2113 480),
1263 2037 1335 2089 soe·

323 2142 451 2212 4333433
481 2143 589 2236 dapes
621 2138 747 2236 (43449.
778 2143 895 2229 Taua,
920 2141 990 2211 380
1018 2141 1078 2236 3.),
1100 2143 1200 2234 jussa
1226 2143 1334 2236 impia

322 2264 410 2362 (444,
442 2265 548 2341 4240.
574 2268 650 2356 Or„
670 2264 770 2362 444),
791 2289 962 2360 sacraque
986 2267 1159 2360 sanguine
1176 2267 1333 2341 humano

322 2393 463 2486 perfusa
482 2389 609 2486 (43449.
626 2393 743 2480 Your„
762 2388 862 2485 384).
881 2391 1067 2475 Quomodo
1086 2392 1161 2463 veri
1179 2391 1330 2484 3434344,

322 2519 352 2590 si
374 2518 528 2589 humana
553 2517 738 2610 prudentia
762 2516 950 2587 vincantur
969 2515 1091 2610 (Herc.
1123 2519 1208 2607 sur„
1245 2513 1336 2591 342.

322 2645 444 2737 Η4ρρ.,
479 2640 567 2732 420,
593 2644 684 2732 lon„
714 2641 786 2716 253
813 2663 861 2732 3.,
884 2638 954 2715 442
983 2639 1048 2737 3.),
1074 2640 1133 2713 vel
1152 2641 1332 2734 quomodo

322 2788 431 2862 penes
450 2765 529 2838 44433
546 2766 666 2837 omnia
685 2766 756 2837 3434
775 2765 836 2859 qni
856 2765 1054 2860 saepissime
1075 2764 1171 2860 apud
1196 2787 1236 2836 se
1259 2786 1331 2838 non

322 2894 427 2971 sunt‘?
454 2891 548 2963 inter
569 2891 656 2963 deos
682 2891 789 2984 igitur
807 2892 1025 2963 eredendum
1055 2901 1109 2962 est
1136 2889 1224 2962 nihil
1253 2912 1332 2964 3333

322 3016 403 3088 maii
424 3015 551 3109 (434449.
575 3018 692 3101 Taua„
714 3015 816 3105 394);
843 3037 965 3087 eorum
986 3014 1120 3086 nulium
1140 3015 1198 3085 alii
1219 3015 1330 3110 impe·

321 3161 400 3231 rare
411 3150 471 3210 aut
481 3159 548 3232 ope
558 3138 703 3210 alterius
716 3139 876 3230 indigere
885 3139 1019 3231 (Hera,
1041 3135 1172 3234 4344);
1191 3138 1329 3211 nullum

321 3265 447 3338 uetitos
475 3263 613 3356 insequi
633 3262 837 3358 hymenaeos
858 3263 968 3354 (4004,
991 3260 1116 3358 4344),
1140 3275 1202 3334 334
1227 3285 1336 3336 sano·

322 3389 421 3478 titate
441 3398 476 3461 34
491 3388 626 3480 justitia
640 3408 711 3459 non
726 3387 917 3460 excellere.
927 3387 978 3460 Ne
996 3387 1053 3474 oui
1067 3397 1185 3458 autem
1202 3387 1330 3459 mirum

320 3514 486 3585 videatur
516 3512 721 3608 Euripidem
750 3513 933 3584 materiam
951 3512 1076 3603 iliam,
1112 3513 1184 3586 imo
1212 3533 1329 3611 aroern

321 3639 510 3732 quamdam
543 3639 715 3732 poetieam
747 3646 843 3708 tanta
871 3636 1056 3729 diligentia
1089 3636 1326 3728 destruxisse3

321 3763 542 3857 superiorum
558 3773 678 3835 vatum
699 3761 884 3834 insistebat
902 3762 1062 3855 vestigiis
1077 3761 1185 3833 vel-in
1206 3782 1326 3832 earum

359 4072 393 4146 44)
408 4071 452 4130 04.
467 4071 679 4144 Xenophanem
694 4077 795 4146 poetas
809 4025 996 4130 accusantem
1015 4071 1103 4144 apud.
1120 4069 1243 4127 Sextum
1257 4069 1330 4128 lim·

318 4170 463 4244 otricum,
482 4169 552 4231 433.
565 4168 676 4239 Marta„
691 4168 715 4242 1,
729 4169 794 4229 289.
