3254 5112
823 558 986 618 -76-

445 700 505 773 Est
529 698 634 771 etiam
663 695 806 769 brevior
832 695 869 766 in
899 697 1061 788 Antigone
1086 694 1311 780 vaticinatio,
1344 715 1409 766 ex·

397 835 509 900 uema
528 824 662 896 scilicet
679 822 798 893 fabula
826 820 995 894 collocata
1020 830 1059 890 ut
1085 830 1224 914 tempus
1244 820 1328 892 inde
1348 820 1410 892 de-

398 958 624 1037 monstretur,
646 969 717 1041 quo
742 947 883 1021 lortuna
897 945 1056 1018 Creontis
1075 965 1228 1039 quaeque
1247 965 1312 1016 suu
1331 965 1412 1017 esse

399 1072 546 1149 confidit
577 1072 651 1166 jam
690 1074 742 1142 ἐπὶ
775 1066 861 1166 ξυροῦ
887 1072 986 1165 τύχης
1017 1080 1227 1158 versantur,
1258 1088 1414 1161 moxque

400 1201 560 1273 funditus
578 1217 682 1270 versa
698 1210 801 1267 ruent
821 1195 953 1267 omnia.
973 1194 1149 1267 Nonnulla
1169 1195 1312 1288 quidem
1331 1213 1415 1287 quae

401 1344 514 1418 nuper
532 1323 569 1392 in
589 1320 723 1413 Olldipo
740 1319 1041 1409 desideravimus,
1061 1318 1119 1390 hic
1136 1317 1338 1408 abundant3
1360 1316 1415 1389 di·

402 1447 595 1521 vinationis
610 1455 706 1518 certe
719 1467 850 1539 genera
865 1465 906 1518 eu
920 1465 1003 1516 cura
1021 1445 1272 1516 describuntur
1288 1452 1326 1515 ut
1342 1444 1417 1516 lere

402 1572 584 1666 signorum
606 1570 702 1641 nulla
722 1569 946 1642 omittantur.
964 1569 1038 1642 lmo
1054 1569 1197 1641 additur
1212 1566 1318 1666 (999)
1333 1577 1417 1642 tem·

403 1697 453 1792 pli
479 1695 701 1769 celeberrimi
732 1704 767 1767 et
794 1695 855 1768 illo
881 1706 1040 1789 tempore
1063 1695 1180 1766 adhuc
1210 1694 1335 1767 stantis
1361 1691 1419 1791 (1)

404 1821 551 1910 mentio,
571 1843 643 1914 quo
658 1841 769 1892 senex
789 1821 938 1913 auguria
953 1820 1130 1915 captabat.
1152 1859 1200 1874 -
1217 1819 1342 1913 Liquet
1355 1839 1418 1890 an·

405 1955 474 2016 tem
495 1944 552 2016 vel
577 1965 745 2015 versuum
771 1944 939 2015 mediocri
967 1964 1115 2015 numero
1141 1940 1228 2040 (Cll)
1257 1942 1346 2014 vatis
1365 1942 1419 2013 in·

405 2069 522 2143 dolem
543 2069 607 2142 vix
626 2069 751 2162 attingi
776 2068 947 2163 potuisse.
974 2067 1119 2163 Propria
1142 2070 1260 2164 potius
1282 2077 1337 2140 est
1359 2068 1421 2140 hu·

401 2198 461 2292 jus
475 2218 603 2270 scaenae
619 2207 654 2270 et
673 2199 709 2268 in
729 2209 802 2270 toto
815 2217 944 2289 genere
962 2207 998 2270 et
1015 2198 1051 2268 in
1072 2199 1147 2292 ipsa
1160 2199 1419 2292 compositione

404 2324 594 2416 simplicitas
611 2321 776 2414 quaedam,
789 2323 1077 2418 quaeuntiquam,
1090 2333 1129 2394 ut
1139 2324 1278 2417 opinor,
1292 2332 1421 2415 tragoe·

407 2447 477 2518 diae
501 2446 649 2518 formam
676 2455 792 2517 sonat.
824 2446 935 2519 Nemo
965 2469 1036 2519 non
1064 2447 1163 2521 videt
1187 2447 1276 2520 duas
1303 2457 1422 2542 partes

408 2593 505 2661 esse;
522 2570 760 2665 prioremque
779 2581 880 2644 vates
894 2572 1079 2644 Creontem
1100 2573 1212 2644 amice
1228 2582 1369 2644 moneat
1387 2580 1424 2644 et

409 2698 556 2793 periculi
576 2696 733 2769 remedia
750 2697 988 2788 demonstret3
1003 2698 1150 2770 alteram
1168 2721 1237 2793 qua
1251 2699 1342 2770 male
1361 2718 1420 2770 ac·

409 2831 532 2917 ceptus
566 2821 673 2893 totius
709 2813 836 2894 domus
870 2822 1009 2895 ruinam
1045 2824 1214 2918 praedicat
1247 2845 1328 2918 quae
1346 2823 1421 2916 jam

410 2946 508 3017 nullo
529 2946 634 3018 modo
655 2947 759 3017 vitari
779 2957 906 3041 potest.
931 2948 994 3020 llic
1013 2971 1084 3021 non
1104 2949 1283 3021 audientis
1303 2949 1396 3041 regis
1408 3001 1419 3038 ,

409 3069 474 3141 sed
494 3069 584 3140 vatis
602 3070 807 3141 immutatur
824 3073 983 3161 animus,
1006 3074 1066 3166 qui
1083 3095 1192 3166 quum
1215 3072 1422 3146 commodus

412 3195 505 3264 ultro
521 3195 660 3265 venerit
675 3191 782 3288 (1931
802 3248 812 3283 ,
835 3195 866 3264 εὖ
886 3224 935 3266 σοι
954 3201 1113 3292 φρονήσας.
1141 3197 1192 3269 cf.
1214 3199 1317 3270 Hom.
1344 3217 1422 3292 pas·

411 3316 497 3404 sim,
525 3314 687 3413 εὐφρονρν)
709 3325 745 3386 et
763 3326 866 3388 caute
889 3325 924 3389 et
943 3338 1006 3389 ore
1026 3320 1228 3420 remissiore
1253 3319 1424 3414 inceperit

411 3438 539 3538 (1099,
559 3442 631 3509 ἀλλ’
651 3436 713 3509 aiae
730 3451 776 3530 τῷ
793 3441 949 3534 θανόντι),
971 3462 1015 3513 eo
1041 3443 1153 3536 magis
1171 3443 1348 3515 calumnia
1367 3465 1421 3514 re·

413 3564 466 3658 gis
485 3564 640 3655 laeditur,
666 3574 702 3636 et
719 3564 971 3638 misericordiae
990 3588 1133 3662 expers,
1154 3569 1292 3663 aliquot
1310 3566 1422 3640 versi·

414 3687 503 3759 culis
522 3689 632 3760 iustus
658 3689 737 3761 illos
757 3688 890 3782 dejicit.
918 3691 987 3763 Sed
1013 3691 1070 3763 hio
1101 3693 1278 3764 etiamad
1304 3712 1423 3784 regem

414 3814 563 3907 ejusque
581 3815 741 3906 allectus,
762 3836 833 3887 non
852 3816 899 3888 ud
913 3827 1031 3889 vatem
1050 3819 1289 3905 advertimus,
1308 3816 1425 3911 etqui

453 4122 492 4194 (1)
513 4120 818 4192 Pausen.,lX;xv1,
835 4124 860 4180 1.
878 4121 922 4179 Gl.
940 4123 1057 4197 Eurip,
1083 4125 1193 4194 uacet..
1211 4124 1279 4192 347,
1297 4131 1326 4183 et
1349 4123 1427 4182 Peu-

418 4237 493 4286 cen,
509 4223 578 4290 stt,
595 4218 667 4286 XX,
682 4225 712 4276 et
726 4221 798 4288 dor..
815 4219 854 4276 Il.
