3254 5112
795 544 955 606 -74..

368 686 499 760 furenti
532 707 604 757 non
629 704 732 778 aeque
757 680 854 754 credi
882 689 1010 778 potest.
1040 680 1156 766 Quum
1189 683 1384 758 foedissima

367 812 481 906 aperit
497 810 644 899 scelera,
666 827 737 880 non
751 805 920 879 continuo
936 805 1057 876 verbis
1070 805 1262 878 adhibetur
1277 805 1381 896 fides,

367 955 433 1006 nec
468 933 568 1004 malis
605 951 687 1025 qnae
717 930 881 1029 intentat
917 928 1183 1020 misericordia3
1230 941 1383 1004 eventus

366 1067 594 1153 exspectatur
622 1077 666 1127 ne
694 1051 784 1126 fides
810 1065 848 1125 et
872 1053 1116 1125 misericordia
1140 1056 1269 1128 frustra
1293 1075 1384 1151 proe-

366 1195 475 1279 reptas
491 1185 575 1254 sint.
597 1181 689 1274 Ergo
707 1180 954 1270 admonemur,
977 1180 1175 1272 docemur3
1200 1183 1320 1256 nescio
1337 1201 1382 1254 an

366 1331 437 1382 non
457 1319 496 1402 ut
511 1310 546 1379 in
562 1308 640 1379 aliis
660 1317 878 1396 terreamur,
901 1313 967 1376 nec
979 1327 1044 1377 nos
1061 1307 1297 1380 tantaeruinae
1311 1318 1381 1381 sta-

364 1434 427 1505 tim
447 1433 625 1506 misereat.
652 1467 701 1486 -
726 1429 828 1514 Quod
857 1429 887 1501 si
912 1429 1066 1502 attendis
1095 1441 1212 1524 partes
1240 1431 1381 1526 disponi

364 1557 491 1630 callide
508 1566 543 1629 et
561 1555 726 1650 quamvis
746 1554 839 1626 inter
857 1575 896 1626 se
915 1554 1091 1648 implexas
1110 1555 1282 1648 singulari
1295 1557 1380 1628 laei-

363 1683 460 1754 litate
480 1681 642 1776 expediri
660 1676 731 1776 (l),
758 1679 939 1772 religionis
960 1689 995 1750 et
1017 1679 1165 1752 deorum
1194 1680 1380 1754 immemor

364 1818 475 1878 artem
503 1804 681 1900 praecipue
705 1815 821 1899 poetae
849 1802 1096 1876 admiraberis.
1129 1805 1263 1878 Scitum
1289 1805 1376 1898 luit,

362 1951 449 2003 sans
466 1931 630 2003 simulac
647 1929 817 2021 tragicum
844 1929 892 1998 ita
913 1938 1111 2022 temperare
1129 1931 1248 2002 omnia
1270 1941 1310 2001 ut
1324 1941 1377 2004 to·

363 2065 434 2125 tam
455 2076 528 2126 rem
549 2075 613 2126 rex
629 2053 763 2125 invitus
783 2061 901 2145 regat,
931 2052 1083 2124 infausta
1104 2052 1173 2124 sibi
1200 2054 1377 2126 ominetur

363 2190 398 2251 et
417 2179 508 2250 siout
527 2200 565 2250 re
585 2188 708 2271 postea
727 2174 874 2273 (laet),
897 2197 994 2248 nuno
1010 2178 1131 2249 verbis
1151 2199 1275 2272 poenas
1294 2199 1376 2251 suas

362 2313 544 2397 provocet.
565 2300 669 2374 Catus
693 2302 838 2395 quidem
868 2300 929 2373 ille
952 2302 1182 2395 aeuigmatum
1211 2303 1376 2375 inventor

361 2437 483 2521 aperta
498 2447 568 2496 non
582 2425 639 2497 hic
652 2425 835 2518 intelligit3
857 2425 946 2524 nihil
962 2427 1079 2518 arguit
1096 2428 1132 2497 in
1151 2428 1372 2523 adversario,

360 2552 446 2646 quin
466 2551 503 2620 in
521 2572 560 2622 se
583 2572 665 2623 mox
685 2550 978 2644 comperiendum
1004 2551 1138 2641 audiat,
1160 2562 1197 2624 et
1212 2564 1373 2647 spectan-

185 2740 198 2770 ‚
307 2715 311 2722 ·
361 2677 461 2748 tibus
481 2675 600 2748 verior
627 2684 775 2769 apparet
794 2693 900 2768 quam
925 2674 1075 2748 Tiresias
1100 2677 1252 2750 fortunae
1273 2677 1370 2768 suas,
1438 2667 1450 2691 ⁶

360 2813 399 2874 ut
414 2811 549 2892 auctor,
575 2801 626 2874 sic
645 2801 751 2872 etiam
774 2811 885 2874 vates.
905 2801 958 2873 llx
970 2801 1031 2873 illo
1050 2802 1151 2896 quasi
1168 2803 1367 2897 palaestrico

358 2927 551 2998 certamine
565 2925 711 2999 inferior
726 2945 812 2997 sane
828 2936 961 2998 eventu
978 2924 1135 3021 OEdipus
1150 2927 1293 3016 evadet,
1307 2929 1371 3000 sed

359 3051 394 3120 in
414 3049 480 3120 hae
506 3071 622 3121 scaena
648 3051 780 3142 primas
804 3060 921 3142 partes
945 3050 1039 3147 agit,
1063 3051 1136 3124 imo
1155 3073 1256 3147 paene
1275 3054 1372 3126 solus

357 3183 556 3268 spectatur3
587 3176 633 3244 ad
661 3196 741 3246 eum
768 3175 888 3246 omnia
922 3175 1123 3246 referuntur
1146 3197 1188 3247 ac
1215 3175 1369 3249 maxime

357 3297 573 3371 adnotantur
591 3299 627 3368 in
648 3299 860 3369 inconstanti
880 3299 1000 3370 animo
1019 3300 1109 3371 varii
1125 3321 1265 3391 sensus,
1285 3323 1370 3396 quo
1412 3311 1420 3320 ”

357 3444 435 3496 rum
450 3444 492 3494 ea
512 3435 566 3495 est
586 3421 793 3494 vicissitudo
815 3432 853 3492 ut
871 3443 974 3516 paene
993 3424 1111 3494 statim
1131 3444 1151 3495 a
1176 3423 1306 3497 fiducia
1324 3427 1368 3498 ad

355 3548 593 3642 suspicionem
610 3544 677 3641 (Cf.
706 3547 776 3618 303
794 3521 830 3619 et
846 3567 894 3638 s.‚
917 3544 988 3617 305
1003 3557 1039 3619 et
1058 3551 1104 3638 s.)
1125 3566 1146 3620 a
1164 3550 1369 3623 laudatione

355 3672 401 3742 ad
421 3671 601 3743 fastidium
627 3670 693 3764 (Cf.
721 3670 814 3760 303,
837 3667 909 3741 eol
922 3725 933 3762 ,
958 3668 1054 3762 all,
1082 3693 1162 3744 cnm
1183 3694 1219 3746 v.
1241 3672 1311 3745 334
1334 3686 1371 3748 et

353 3819 402 3887 s.,
424 3796 507 3886 37l)
527 3817 547 3867 a
568 3797 771 3891 precatione
787 3795 833 3868 ad
853 3796 981 3887 minas,
1008 3819 1093 3871 mox
1110 3799 1193 3871 inde
1212 3800 1257 3870 ad
1276 3799 1369 3870 solli·

354 3922 549 3996 citudinem
565 3933 600 3992 et
616 3933 749 3993 metum
764 3921 963 3995 adducatur
980 3920 1067 4018 (lat
1085 3935 1121 3996 et
1138 3923 1201 4020 s).
1223 3924 1365 3996 Summa

388 4180 425 4253 (l)
444 4178 624 4253 Bernhardy.
640 4177 841 4253 a.u.‚111,p.
858 4179 921 4245 353,
939 4185 997 4238 ext
1121 4129 1126 4140 ·
