3250 5120
816 515 976 580 -33..

391 676 496 750 quam
515 653 676 725 Pandora
695 651 730 722 in
750 651 870 723 arcula
894 649 1062 740 retinuit,
1085 673 1156 746 qua
1174 653 1251 749 ipse
1277 666 1401 729 natura

391 801 461 852 non
484 779 633 867 fruitur,
656 786 810 849 mentem
836 775 1028 847 humanam
1048 774 1188 870 decepit
1208 779 1266 850 vel
1285 780 1401 872 potius

390 904 523 978 solatus
542 912 610 974 est.

438 1026 665 1100 Divinatione
676 1024 781 1097 etiam
793 1033 956 1097 constant
975 1024 1049 1095 doce
1063 1024 1271 1118 potissimum
1282 1049 1402 1100 acoeoae

390 1174 471 1247 quae
495 1173 566 1223 non
593 1160 702 1223 totam
721 1149 877 1221 fabulam
897 1149 1199 1243 complectuntur,
1230 1153 1295 1224 sed
1326 1154 1402 1245 ejus

390 1297 563 1349 summam
581 1275 782 1365 eontinent3
799 1294 1009 1368 responsum
1025 1274 1087 1346 dat
1102 1285 1203 1348 vates
1215 1276 1251 1346 iu
1264 1277 1400 1371 priore;

342 1423 344 1428 ·
389 1402 426 1474 in
447 1399 643 1496 posteriore
661 1376 800 1471 abnuit.

438 1525 654 1598 Admiranda
664 1535 718 1598 est
728 1545 815 1598 sane
833 1525 1032 1598 decretoria
1049 1546 1167 1598 scaena
1181 1548 1251 1621 qna
1265 1527 1403 1600 Mercu-

389 1652 440 1724 ra'o
455 1651 601 1739 resistit,
621 1651 703 1724 Jovi
721 1652 831 1723 iratus
848 1672 870 1722 a
886 1629 959 1745 quo
978 1673 1093 1753 nuper
1109 1652 1233 1724 salutis
1248 1662 1286 1723 et
1299 1653 1404 1749 impe·

391 1777 433 1848 rii
450 1787 573 1849 auctor
592 1797 760 1868 magnum
782 1775 882 1848 illum
903 1775 1045 1870 proemii
1073 1774 1225 1848 fructum
1254 1776 1401 1871 accepit.

390 1901 557 1971 Tiresiam
577 1899 779 1972 videbimus
803 1920 825 1970 a
847 1897 995 1971 Creonte
1013 1910 1216 1971 accusatum
1236 1921 1342 1992 quem
1368 1901 1404 1973 iu

390 2047 567 2098 summum
596 2023 711 2097 locum
741 2024 886 2114 evexit3
914 2023 979 2096 sed
1006 2034 1140 2117 quanto
1166 2024 1224 2096 hic
1249 2036 1289 2096 ut
1315 2026 1404 2098 dens

390 2150 509 2222 animo
527 2149 696 2221 audacior
713 2159 820 2242 atque
843 2169 905 2221 ore
926 2146 1092 2220 liberiori
1118 2148 1273 2220 Primum
1300 2170 1404 2242 gran-

391 2273 573 2367 diloquum
593 2272 726 2344 inimici
743 2273 801 2345 dei
825 2271 1023 2343 ministrum
1048 2269 1136 2368 (eal
1159 2295 1217 2361 s.,
1245 2273 1296 2345 Cf.
1320 2272 1403 2360 966,

392 2392 523 2492 983)et
537 2393 653 2466 illudit
669 2403 897 2488 etprovocat.
910 2391 1004 2477 Quid
1015 2395 1110 2465 enim
1125 2395 1171 2466 ad
1187 2395 1286 2466 illum
1301 2396 1407 2468 minae

390 2521 452 2616 qni
468 2530 584 2593 tantos
607 2518 803 2592 exantlavit
821 2520 984 2608 labores,
1004 2519 1077 2595 imo
1091 2521 1153 2614 qui
1172 2521 1291 2593 futura
1308 2521 1409 2594 velut

389 2640 1406 2743 praesentiatenens(ello‘rrl0l0)nihilrecusat(935).Ne·

389 2771 583 2866 quidquam
602 2770 700 2862 regio
719 2791 817 2842 more
834 2769 1028 2842 Mercurios
1048 2770 1094 2841 ad
1112 2770 1264 2842 crimina
1279 2778 1315 2844 el
1327 2790 1408 2846 oon·

390 2894 552 2967 tumelias
565 2895 654 2983 ruit,
675 2894 805 2987 quibus
817 2893 1052 2967 vaticinantes
1068 2894 1106 2964 in
1125 2915 1241 2966 soaena
1256 2889 1409 2989 opprimi

391 3019 526 3115 solent,
546 3027 582 3091 et
596 3019 797 3092 Promethei
816 3019 990 3091 insaniam
1007 3016 1119 3115 (1050
1138 3041 1169 3090 s.
1190 3016 1242 3088 Cf.
1266 3021 1406 3116 Apum„

392 3142 498 3239 1061)
529 3145 758 3240 pertinaciam
791 3142 900 3237 (061,
946 3142 1059 3234 tota,
1098 3135 1209 3240 1031)
1242 3154 1277 3215 et
1312 3142 1407 3216 infir·

390 3290 481 3341 mam
494 3269 654 3364 peritiam
666 3265 800 3362 (ἀσθενές
814 3271 962 3364 σόφισμα,
979 3265 1313 3364 tott)insectatur;
1334 3268 1406 3341 imo

390 3394 527 3466 frenum
560 3394 655 3487 quod
689 3402 936 3464 cruentaturas
967 3391 1033 3479 sit,
1069 3401 1107 3463 ut
1137 3391 1403 3487 Clytemnaestra

388 3520 615 3616 Cassandrae,
642 3518 793 3591 intentat
826 3516 908 3615 (001
943 3518 994 3590 ef.
1021 3521 1159 3612 Apum,
1189 3515 1313 3614 1066).
1340 3517 1407 3589 Ter

391 3644 499 3741 (963,
517 3645 587 3714 080
598 3698 608 3735 ,
633 3644 742 3738 1053)
761 3643 820 3716 ille
840 3644 974 3737 majore
995 3665 1136 3737 semper
1154 3642 1352 3716 constantia
1371 3652 1407 3713 et

391 3769 526 3853 acriore
543 3769 709 3864 superbia
728 3791 938 3863 responsum
957 3778 1076 3861 negat.
1097 3768 1184 3839 Dein
1203 3768 1405 3838 ministrum

391 3894 491 3966 velut
509 3914 642 3964 vanum
661 3894 791 3966 omittit
808 3904 862 3985 et,
883 3894 930 3966 ad
952 3893 1099 3966 chorum
1123 3913 1270 3980 versus,
1291 3889 1408 3961 incre·

393 4019 521 4090 dibiles
550 4040 629 4091 sese
657 4019 866 4092 hausturum
893 4018 1128 4103 calamitates,
1158 4036 1300 4087 omnem
1326 4036 1406 4086 cru-

392 4144 523 4216 ciatum
552 4144 770 4238 perlaturum
797 4153 833 4216 et
859 4142 1074 4216 intolerabili
1100 4140 1224 4214 dolore
1251 4141 1407 4214 laceran-
