3250 5120
688 519 849 584 ...35-

266 661 450 736 veritatem
465 668 603 729 naturae
617 652 791 748 significat
807 656 1082 751 necquidquam
1096 657 1164 730 nisi
1177 679 1276 732 exau

267 793 425 880 peratum
444 780 602 854 dolorem
620 789 723 853 sonat
741 777 844 872 (127,
859 787 920 850 πᾶν
941 810 994 877 μοι
1011 777 1135 878 φοόερὸν
1151 785 1189 853 τὸ
1205 812 1278 880 προ·

266 912 384 1006 σέρπου.
408 904 507 994 267,
529 911 563 975 οὐ
581 910 639 1001 μην
661 933 694 974 τι
715 915 837 985 ποιναῖς
855 911 884 1002 γ’
906 907 1009 1001 ᾠόμην
1028 907 1145 976 τοίαισί
1164 935 1202 1003 με
1220 935 1277 976 κα-

265 1036 496 1129 τισχνανεῖσθαι
526 1028 630 1126 (1)...
656 1030 733 1102 Νου
760 1030 997 1104 necessarium
1024 1052 1110 1102 sane
1137 1032 1202 1103 luit
1220 1028 1276 1127 (2)

265 1157 419 1250 aliquam
434 1177 480 1226 ex
500 1153 653 1226 inductis
673 1131 832 1249 personis
847 1153 916 1225 deo
935 1154 1159 1249 prudentiam
1179 1154 1276 1228 illam

247 1280 469 1376 «assignare,
489 1298 570 1372 quae
593 1276 737 1349 nomine
750 1266 1039 1370 'significabatum
1061 1278 1106 1350 ab
1126 1278 1277 1351 inimicia

264 1403 431 1498 quamvis
453 1412 581 1495 negata
604 1400 818 1490 timebatur,
840 1401 944 1472 dictis
966 1401 1052 1496 ipsis
1071 1401 1274 1496 apparebat.

264 1527 336 1600 Nec
354 1527 531 1599 immerito
551 1526 596 1598 de
615 1547 656 1598 se
680 1526 756 1621 ipse
778 1524 949 1618 gloriatur
968 1525 1066 1619 quod
1082 1523 1188 1621 (813)
1211 1523 1278 1624 δέρ-

264 1680 352 1723 κεται
376 1641 470 1723 πλέον
489 1680 523 1721 τι
544 1661 601 1722 τοῦ
625 1654 831 1745 πεφασμένου.
852 1649 916 1721 Vel
938 1659 981 1721 aa
1006 1651 1173 1746 prospicit
1197 1672 1279 1745 quae

266 1777 419 1868 maxime
437 1783 573 1848 remota
593 1784 676 1846 sunt
694 1795 736 1846 ac
754 1794 842 1846 vero
862 1774 1007 1847 minime
1025 1775 1152 1846 similia
1173 1773 1276 1870 (192,

264 1895 400 1971 σπεύδων
426 1895 619 1997 σπευδόντε),
649 1898 944 1994 provisurumque
967 1921 1086 1971 rerum
1102 1897 1206 1996 (272,
1223 1899 1280 1984 τὰς

263 2026 484 2120 προσερπούσας
501 2027 642 2119 τύχας...
664 2027 701 2093 τὸ
718 2025 801 2117 πᾶν)
824 2033 968 2117 aspectu
989 2035 1201 2117 praesentem
1220 2044 1278 2096 cu·

264 2169 342 2219 sum
360 2144 464 2242 (271,
481 2147 524 2218 τὰ
542 2149 724 2244 παρόντα...
745 2144 827 2243 ἄχη)
847 2148 895 2219 ita
914 2148 1129 2236 consolatur,
1148 2158 1186 2219 ut
1203 2169 1280 2220 sex·

265 2282 365 2344 centa
384 2272 417 2343 ei
434 2272 576 2367 propria
596 2270 686 2342 mala
702 2269 813 2362 (512,
833 2273 952 2368 μυρίαις
971 2271 1142 2370 πημοναῖς)
1159 2273 1279 2344 brevis

266 2394 432 2489 temporis
452 2393 554 2491 (939,
574 2391 665 2466 τόνδε
683 2398 738 2466 τὸν
759 2397 875 2491 βραχὺν
890 2393 1015 2492 χρόνον)
1035 2418 1113 2468 esse
1131 2397 1278 2468 videan-

253 2528 335 2589 tur.
354 2519 476 2612 Neque
498 2520 612 2613 impar
635 2520 712 2592 Iovi
736 2521 905 2592 audacter
933 2521 1085 2593 obsistit.
1113 2520 1157 2593 Ut
1182 2520 1277 2593 enim

266 2664 305 2717 os
319 2644 413 2716 iilius
431 2645 571 2716 mentiri
591 2645 704 2718 nescii
718 2644 844 2738 (1032,
862 2641 1101 2743 ψευδηγορεῖν...
1122 2651 1176 2715 οὐκ
1193 2645 1278 2714 ἐπίσ-

265 2797 359 2840 ταται
383 2772 484 2866 στόμα
505 2772 543 2841 τὸ
562 2755 671 2865 Δῖον),Ι
699 2770 750 2840 sic
776 2790 816 2841 os
841 2768 1038 2842 Promethei
1067 2790 1137 2842 non
1164 2768 1279 2841 variat
1342 2789 1346 2800 '

265 2891 369 2988 (opp.
392 2892 486 2984 662,
509 2895 729 2990 αἰολοστόμους
755 2895 949 2989 χρησμούς),
969 2893 1033 2965 sed
1057 2895 1162 2990 λόγοις
1181 2889 1278 2989 (632

266 3024 301 3090 et
325 3016 413 3111 782)
435 3019 635 3109 abundans,
670 3018 824 3090 inimicis
853 3029 1057 3092 constanter
1084 3016 1276 3106 clauditur,

265 3142 386 3214 amicis
411 3165 536 3215 verum
563 3143 723 3237 aperitur
742 3140 852 3240 (612,
874 3149 971 3241 ὥσπερ
994 3139 1115 3214 δίκαιον
1133 3145 1207 3238 πρὸς
1229 3143 1279 3236 pl-

265 3274 336 3348 λους
354 3266 446 3364 οἴγειν
467 3266 598 3366 στόμα).
614 3268 720 3340 Vates
739 3268 800 3339 ulii
819 3269 849 3340 si
868 3269 955 3363 quid
973 3270 1124 3362 primum
1143 3266 1278 3336 abnue·

267 3402 361 3481 runt,
376 3391 621 3466 criminatione
635 3392 753 3487 aliqua
766 3394 946 3480 commoti,
965 3392 1082 3464 statim
1098 3388 1274 3484 aperiunt.

302 3670 340 3740 (1)
362 3670 429 3727 Noli
450 3669 581 3727 oblivisci
601 3669 680 3726 hunc
700 3684 818 3726 versum
837 3669 896 3725 illis
916 3671 1096 3742 proximum;
1114 3670 1185 3740 273,
1202 3674 1280 3725 ἀκου-

273 3767 362 3826 σα1’ὠς
376 3767 467 3832 μάθητε
484 3767 534 3817 διὰ
546 3767 653 3824 τέλους
663 3768 693 3817 τὸ
706 3770 764 3818 πᾶν.
775 3765 881 3824 Contra
890 3766 1022 3834 Kolisch,
1034 3786 1062 3841 p.
1075 3768 1088 3822 1
1101 3775 1130 3824 et
1139 3785 1175 3836 s.,
1188 3773 1236 3842 qui
1248 3780 1280 3830 111

267 3864 338 3920 mihi
351 3864 465 3921 ridetur
479 3881 572 3936 neque
586 3868 750 3938 temporum
764 3879 859 3935 neque
873 3880 1063 3938 personarum
1080 3866 1152 3923 satis
1167 3885 1279 3941 aequam

267 3959 407 4016 rationem
420 3960 518 4017 habet.

301 4054 339 4130 (9)
364 4055 439 4116 Vide
463 4055 636 4116 Kolisnhum
658 4057 709 4130 qui
732 4072 823 4129 quum
848 4057 877 4114 id
902 4057 1089 4128 desideravit,
1116 4060 1187 4116 mira
1212 4060 1280 4120 inde

269 4153 394 4226 collegit.
655 4153 657 4157 ’
