3250 5120
651 556 689 570 ..
712 523 750 586 25
771 553 810 570 ..

220 661 327 758 (694,
350 658 479 759 etiope
502 665 601 757 μέν...
625 655 754 754 σὲὅομαι
777 653 854 730 tt...
879 659 999 754 ἀρχαίῳ
1025 659 1094 755 περὶ
1116 655 1233 754 scipio.

206 872 209 879 1
224 783 427 884 700,δίομαι
437 789 534 884 μέν...
545 780 657 882 δέομαι
667 779 745 854 it...
755 778 1059 875 703,δᾷοςπαλαιόν
1069 810 1117 852 σοι
1127 793 1237 879 φρενῶν

224 909 423 1006 ἀνθίσταται)
436 920 472 982 et
481 907 722 1005 respondendi
733 905 942 981 difficultate
958 928 1004 978 ne
1018 905 1170 979 infausta
1185 926 1239 978 rc·

218 1036 315 1118 ‚ierat
334 1029 536 1132 (70Qttiae
558 1027 714 1106 δύσλεκτα
730 1029 896 1129 φίλοισιν),
908 1052 1132 1128 nequaquam
1151 1052 1239 1105 vero

226 1168 265 1230 ut
283 1157 425 1231 videtur
437 1166 579 1252 propter
590 1153 747 1230 subitum
765 1166 898 1232 metum
913 1176 1115 1230 sermonem
1131 1155 1235 1249 fugit.

224 1282 311 1356 Cum
327 1284 433 1359 Dario
452 1281 590 1378 placide
603 1281 816 1376 colloquitur
830 1283 952 1375 regina
966 1280 1115 1373 Atossa3
1132 1301 1237 1356 nemo

217 1409 391 1488 cumbram
422 1406 550 1480 adesse
577 1417 638 1479 aut
668 1407 764 1501 loqui
794 1416 926 1502 stupet.
956 1406 1080 1479 Nullus
1107 1406 1242 1480 extrin-

228 1553 332 1606 secus
350 1532 494 1606 additur
511 1531 729 1612 adventitius
748 1532 866 1623 color,
885 1531 951 1606 sed
973 1531 1092 1607 verior
1110 1532 1172 1626 qui
1196 1553 1243 1606 ex

222 1657 330 1743 ioco,
366 1677 413 1729 ex
441 1655 570 1746 rebus,
606 1677 653 1729 ex
677 1655 839 1750 personis
870 1656 946 1749 ipse
978 1655 1143 1746 ducitur;
1172 1675 1244 1749 quo

228 1780 374 1876 quidem
399 1780 496 1860 nulla
520 1778 702 1869 machina,
724 1779 822 1852 nulla
840 1779 1083 1854 admonitione
1105 1779 1244 1873 agentis

230 1903 450 1995 intermixta,
469 1913 542 1976 tota
556 1903 633 1980 baec
649 1925 767 1978 scaena
786 1905 896 1988 oblita
915 1914 981 1977 est.

280 2028 376 2105 Istud
393 2029 538 2123 quidem
554 2029 815 2105 vaticinationis
831 2049 945 2122 genus
963 2049 1038 2101 rem
1053 2027 1246 2102 Asiaticam

234 2175 305 2227 non
317 2152 532 2243 dedecebat3
546 2152 630 2225 vide
640 2163 757 2236 tamen
769 2175 835 2245 ico
850 2173 943 2240 curo,
962 2152 992 2224 si
1010 2151 1097 2248 quid
1113 2173 1245 2226 novum

233 2287 295 2350 aut
315 2298 481 2371 asperum
508 2277 599 2356 forte
617 2277 697 2366 suit,
711 2287 810 2370 poeto
828 2277 1055 2350 admonendo
1071 2288 1133 2349 aut
1151 2299 1247 2351 com·

233 2402 527 2498 ponenduiabula
542 2407 778 2497 temperaverit,
795 2413 835 2474 ut
842 2403 1073 2497 omniaplana
1084 2412 1249 2495 tersaque

234 2527 397 2600 simulac
411 2525 657 2620 gratafierent.
673 2526 751 2601 Non
766 2527 861 2600 enim
875 2527 992 2599 subita
1008 2529 1164 2614 occurrit
1172 2549 1249 2600 um·

224 2651 301 2724 ,bra
321 2635 405 2739 illa,'
422 2651 488 2724 sed
510 2651 790 2746 aspectantibus
808 2649 951 2747 provisu
975 2672 1113 2722 necnon
1129 2672 1150 2723 u
1170 2673 1248 2746 per·

222 2775 333 2853 souis
376 2784 581 2871 exspectata
624 2784 671 2847 et·
696 2774 934 2863 *vehementer
980 2784 1111 2870 optata.
1155 2775 1251 2848 Vidit

225 2901 380 2981 iberiam
417 2901 455 2972 in
482 2922 607 2975 somno
637 2900 762 2996 regina
787 2897 913 2997 (i9i);
946 2901 1052 2974 Dario
1081 2901 1251 2976 velante

237 3020 436 3098 nuntiatam
454 3023 591 3098 cladem
617 3024 756 3119 piacula
784 3023 997 3098 afferrentur
1025 3025 1138 3098 suasit
1165 3016 1250 3100 cbo·

226 3168 297 3226 nus
306 3147 363 3244 (21
373 3148 424 3245 9).
443 3149 748 3235 Quemadmodum
763 3149 894 3224 Xerxis
909 3149 1133 3226 advenientis
1145 3174 1251 3246 squa-

228 3271 350 3360 ,lorem
364 3272 477 3371 (1019
485 3328 496 3364 ,
516 3283 585 3372 ὁρᾷς
611 3279 649 3346 τὸ
674 3278 787 3348 λοιπὸν
805 3271 923 3348 τάδε...
946 3282 1002 3370 τᾷς
1029 3282 1102 3372 ἐμᾶς
1124 3273 1254 3372 στολᾶς)

238 3405 415 3492 praeparat
433 3417 550 3470 soaenu
568 3398 767 3492 alteraque
790 3395 1006 3494 simpliciore
1025 3408 1152 3471 ornatu
1171 3420 1253 3495 pro·

237 3520 332 3594 cedit
351 3518 479 3593 Atossa
498 3518 602 3617 (607,
628 3525 767 3593 sinendos
785 3515 946 3599 τήνδ’ἅναυ
964 3523 1166 3618 τ’ὀχημάτων
1182 3527 1256 3620 pte

238 3637 295 3726 δῆς
322 3672 357 3714 τα
378 3655 441 3746 τῆς
471 3642 651 3742 πάροιθεν),
674 3646 726 3716 sic
743 3643 921 3718 somnium
943 3644 1060 3740 ipsum
1081 3655 1118 3719 et
1136 3648 1254 3721 omnia

240 3789 324 3864 quac
340 3767 466 3841 eadem
477 3767 599 3859 refert,
611 3768 700 3840 nibil
717 3767 816 3840 aliud
831 3767 900 3840 nisi
918 3767 1032 3864 ipsam
1047 3771 1143 3842 Darii
1162 3774 1253 3845 vati-

240 3891 455 3965 cinationem
472 3891 724 3986 praenuntiant.
746 3891 838 3966 loco
857 3893 998 3988 utrique
1015 3895 1104 3969 alter
1123 3916 1255 3990 suppar

240 4024 295 4090 est
318 4027 354 4089 et
378 4015 582 4135 respondet.
604 4016 678 4090 imo
704 4037 824 4091 nonne
848 4017 886 4090 id
908 4019 1170 4115 praenuntiabat
1193 4017 1255 4115 qui

241 4139 470 4235 spectabatur
493 4149 530 4214 et
553 4139 590 4213 in
609 4161 726 4216 scaena
750 4152 786 4215 et
809 4141 1072 4238 quodammodo
1093 4145 1130 4216 in
1148 4142 1255 4216 rebus
