3250 5120
661 527 801 594 —3—

230 675 376 766 ipsaque
404 669 596 763 tragoedia,
622 669 718 784 satis
732 669 778 738 sit
802 668 1084 741 animadvertere
1108 691 1232 742 oracu-

229 799 343 870 lorum
380 796 511 866 nullam
548 802 609 865 ant
643 767 738 865 certe
774 793 1010 890 rarissimam
1019 795 1235 866 mentionem

229 921 331 1009 fieri,
358 920 460 1012 signa
486 939 573 990 vero
600 938 620 987 a
642 916 704 1010 dis
730 917 838 1008 missa
853 927 898 987 et
926 917 1077 1011 plurima
1096 940 1179 992 esse
1203 931 1238 992 et

230 1056 299 1116 tem
319 1044 412 1115 clara
432 1063 473 1113 ac
493 1041 679 1112 manifesta
698 1050 736 1132 nt
755 1032 942 1138 servandis
960 1041 1003 1112 iis
1020 1041 1116 1142 nullo
1133 1065 1237 1136 pecu·

231 1170 306 1240 liari
326 1168 517 1261 interprete
530 1165 1237 1282 opossit3ptorimumanteminterutrcm·

229 1317 289 1385 que
304 1315 422 1388 poema
444 1297 592 1362 interesse
608 1287 680 1386 ¹(i),
703 1312 813 1386 quum
838 1290 932 1362 illins
949 1292 1045 1392 qnod
1067 1293 1157 1364 inter
1175 1293 1238 1366 ho·

231 1419 343 1489 mines
377 1417 535 1509 deosque
569 1437 671 1510 paene
694 1415 873 1507 ¹naturale
910 1428 992 1486 erat
1035 1406 1239 1489 commercii

230 1564 381 1636 genere,
410 1552 484 1612 tum
513 1550 820 1636 vatumunumero
851 1549 887 1611 et
918 1539 1037 1611 indole
1067 1551 1103 1611 et
1133 1562 1239 1633 qnam

230 1668 404 1741 faciebant
428 1665 512 1738 fide.
537 1705 582 1720 -
609 1663 747 1736 Iliadem
773 1663 867 1764 enim
890 1664 1022 1756 legenti
1049 1679 1241 1754 occurrunt

230 1794 376 1866 deorum
397 1802 470 1862 tom
488 1789 616 1885 epulae,
638 1799 765 1886 coetns,
786 1809 991 1910 sermones,
1011 1799 1096 1859 tum
1105 1790 1241 1873 discor,-

231 1919 313 2008 diae,
335 1909 487 2011 pognae,
508 1915 656 1987 vulnera
681 1923 798 2034 atque
809 1915 883 1986 vita
904 1915 1018 2017 omnis
1037 1915 1129 1986 inter
1146 1937 1239 1989 mor-

211 2040 699 2158 'talesacta.Ad1squos
682 2040 873 2112 somniavit
890 2010 1098 2134 Epioorus,
1090 2040 1140 2110 hi
1160 2042 1238 2134 qui-

231 2169 311 2240 dem
332 2169 477 2241 omnino
502 2165 635 2238 diversi
658 2186 839 2260 nonquam
863 2187 934 2236 non
951 2175 1062 2258 agant
1078 2165 1237 2288 aliquid,

231 2305 266 2364 et
283 2302 409 2386 praeter
429 2291 543 2364 solnm
560 2263 682 2360 iovem
699 2285 907 2388 (Naegelsb.,
927 2311 963 2381 p.
987 2286 1100 2388 136)
1091 2311 1127 2360 ιιι
1146 2300 1238 2361 terra

231 2428 423 2513 praesentes
447 2417 492 2488 ad
519 2437 625 2488 omne
662 2425 798 2526 tempos
826 2414 878 2485 sic
907 2427 1039 2486 curant
1045 2395 1236 2507 mortalia,

231 2553 269 2614 nt
283 2544 356 2633 jam
376 2542 563 2613 universus
575 2563 652 2634 non
678 2562 783 2633 quem
809 2540 954 2612 volebat
979 2539 1099 2612 Cicero
1123 2523 1237 2635 (Loca,

230 2667 257 2758 1,
268 2668 290 2737 7
294 2666 382 2765 ,23)
398 2666 563 2754 mundos,
585 2667 650 2737 sed
656 2665 761 2760 orbis
782 2676 885 2736 terrae
903 2676 963 2735 aut
978 2665 1100 2760 potius
1120 2664 1238 2759 Troja,

217 2813 300 2864 ¹una
319 2791 443 2862 civitas
462 2790 659 2862 communis
686 2789 834 2892 deorum
856 2751 962 2885 atone
987 2773 1170 2861 hominum
1194 2794 1240 2864 sit

229 2913 479 2988 existimanda.
509 2897 735 3016 Vatihosibi
767 2913 913 3006 ιίιιιιι
947 2913 1076 3007 aliquis
1113 2915 1238 3006 loono,

230 3038 396 3134 quoniam
412 3035 545 3128 utalia,
566 3035 736 3131 praeclare
755 3057 862 3133 agere
872 3090 882 3130 ,
905 3057 1077 3136 pugnare,
1097 3060 1238 3129 canere,

230 3165 435 3255 immolare,
454 3164 506 3237 sic
523 3161 686 3264 divinare
707 3163 827 3255 regale
854 3174 926 3234 esta
941 3163 1018 3234 Non
1035 3166 1153 3257 plnres
1174 3165 1239 3257 igi-

231 3298 288 3360 tur
307 3290 446 3363 dnobus
470 3300 586 3402 vates!
599 3263 826 3382 invenimus,
848 3311 957 3360 unum
977 3309 996 3358 e
1013 3287 1239 3362 Graeoistssal·

230 3412 407 3502 chantem,
430 3413 491 3508 qui
510 3424 668 3510 artesae
685 3423 872 3508 contentus
886 3414 1240 3508 pugnandilaborem

231 3538 308 3608 aliis
327 3537 520 3631 relinquit3
553 3538 703 3632 aiterum
730 3557 751 3608 a
778 3521 945 3635 [trojani-sn
963 3537 1156 3625 Helenum,
1179 3538 1240 3630 qui

231 3660 309 3734 aliis
329 3660 479 3732 ducibus
499 3682 570 3754 non
584 3660 771 3760 ,dissimilis
787 3661 884 3756 quod
907 3659 1019 3756 suasit
1041 3660 1117 3754 ipse
1135 3651 1240 3754 perti·

232 3785 278 3857 cit
298 3780 326 3876 (C
345 3781 819 3880 75,v.576,18t,eto.);ec
835 3784 1240 3882 velsermones-deorum

269 4067 306 4134 (t)
326 4065 545 4140 Comparatione
558 4065 606 4125 illa
626 4065 683 4126 sibi
697 4066 846 4126 interdixit
863 4065 1026 4140 Negotia,
1051 4070 1128 4128 Hom.
1153 4072 1219 4130 rma

240 4161 328 4229 Uarr..
341 4182 370 4238 p.
387 4183 428 4224 rx.
