3254 5112
660 597 839 660 -101-

248 737 364 832 pergit
381 757 462 808 cum
489 735 732 806 divinantibus
753 756 928 828 pugnare,
951 757 1100 829 quorum
1128 737 1268 831 princi·-

248 885 327 958 pem
348 861 450 932 finxit
468 860 639 948 docilem,
657 859 819 932 timidum
838 860 965 947 animi,
987 844 1130 933 minime
1152 885 1255 934 cous-

249 997 379 1058 tantem
397 986 484 1071 sibi,
507 986 542 1054 in
565 1006 691 1077 magne
714 1005 753 1056 re
774 996 935 1075 tenuem,
957 987 1101 1080 spiritus
1121 989 1264 1084 omnis,¹

249 1133 449 1206 quanquam
474 1109 636 1180 baocbari
664 1110 761 1203 cupit
774 1164 785 1200 ,
812 1121 1017 1204 expertem,
1041 1113 1255 1185 Baccharum

249 1248 344 1308 certe
371 1235 558 1306 mulierum
585 1234 694 1306 choro
718 1235 862 1306 omnino
882 1235 1108 1322 inferiorem,
1131 1238 1167 1307 in
1189 1261 1273 1333 qnon

249 1380 356 1431 verus
374 1368 428 1430 est
447 1360 544 1430 furor
565 1368 599 1428 et
617 1357 732 1429 omnis
752 1358 892 1450 generis
913 1359 1094 1429 miracula.

297 1484 397 1555 Utin
423 1483 606 1579 AEschylo,
632 1483 692 1554 bic
716 1483 820 1554 etiam
852 1485 1036 1554 Cassandra
1060 1507 1141 1578 quae
1165 1487 1256 1558 mala

250 1611 317 1681 sibi
335 1609 582 1703 impendeant,
605 1609 822 1702 pronuntiat.
845 1609 1001 1683 indolem
1025 1632 1111 1682 vero
1133 1611 1273 1704 puellae‘

250 1734 435 1829 Euripides
462 1756 560 1806 more
579 1755 645 1805 suo
670 1733 889 1822 immutavit,
911 1757 991 1826 quae
1012 1757 1081 1806 non
1107 1736 1176 1807 fata
1195 1759 1260 1808 sua

251 1860 361 1947 dolet,
382 1880 448 1929 nec
465 1859 616 1952 patriam
635 1847 905 1952 libertatemque
921 1861 1052 1952 eleget,
1070 1861 1133 1930 sed
1151 1883 1261 1954 quum

249 1981 506 2075 Agamemnoni
522 1983 666 2074 jamJ'em
685 1983 855 2055 tradenda
876 1994 948 2072 est,
968 1984 1060 2055 inter
1079 1997 1264 2078 gementes

251 2109 396 2178 Troados
416 2109 494 2180 laete
516 2109 669 2202 erumpit
685 2120 720 2180 et
740 2109 848 2179 elfere
868 2109 1127 2194 exsultatione,
1150 2109 1268 2181 felicis

250 2232 359 2303 cladis
382 2233 647 2326 quodammodo
674 2233 875 2316 buencum,
904 2233 1129 2328 hymenaeum
1157 2257 1260 2305 suum

251 2357 416 2428 celebrat.
445 2399 493 2410 —
513 2357 610 2428 illius
638 2356 781 2450 quidem
808 2357 921 2428 oratio
947 2353 1014 2452 (sio
1045 2380 1121 2429 eam
1150 2359 1276 2450 magis·

251 2503 356 2574 quam
374 2504 494 2553 veram
507 2481 792 2554 vaticinationem
812 2480 1000 2577 dicemus),
1018 2493 1135 2576 partes
1155 2483 1262 2554 hebet

251 2627 332 2698 quae
349 2627 419 2677 uon
440 2605 604 2678 omnibus
617 2605 754 2699 placere
766 2626 834 2677 uon
849 2617 1010 2699 possunt,
1024 2607 1165 2678 Hecatae
1183 2617 1270 2700 pust

248 2730 474 2826 hymenaeum
487 2731 581 2801 illam
592 2729 1265 2827 invocationemffroaeeae,cutte),

249 2876 446 2947 versusque
468 2855 597 2947 quibus
617 2854 673 2925 val
701 2855 832 2924 nudem
853 2875 892 2924 se
914 2855 1102 2947 projectam
1123 2857 1168 2926 ed
1191 2867 1261 2929 tor-

250 2978 360 3047 rentis
379 2977 489 3070 ripam
511 2976 623 3065 videt,
643 2978 700 3048 vel
723 2977 796 3068 J‘am
817 2977 1059 3070 relinquendae
1078 2969 1203 3072 patriae
1224 2991 1259 3052 et

134 3083 141 3096 ⁰
251 3101 402 3172 mortuis
422 3101 512 3195 patri
533 3112 568 3171 et
587 3102 752 3172 iratribus
769 3102 938 3173 valedicit
954 3101 1026 3196 (l),
1042 3126 1156 3176 scaena
1175 3099 1277 3178 vero

249 3226 364 3296 omnis
389 3235 559 3297 renovata
579 3235 632 3296 est
650 3249 713 3320 spe
733 3227 793 3297 ille
821 3229 1017 3299 certissime
1046 3229 1260 3301 ulciscendae

249 3349 389 3441 patriae,
409 3372 513 3442 quam
541 3351 736 3421 secundum
763 3351 968 3446 Euripidem
995 3374 1118 3422 omnes
1140 3363 1267 3445 postea

250 3474 376 3542 imitati
406 3487 500 3546 sunt.
534 3477 603 3546 Sed
629 3477 807 3571 praecipue
840 3476 1070 3547 admirandus
1108 3477 1261 3569 tragicus

252 3599 405 3668 maxime
425 3598 454 3668 is
474 3599 656 3687 introitus,
679 3623 750 3692 quo
773 3601 1019 3693 pulcherrimis
1047 3600 1279 3673 dochmiacisv

251 3721 397 3791 exitium
421 3743 461 3791 ac
478 3735 623 3794 mortem
641 3745 740 3794 suam
758 3725 907 3796 extollit.
925 3725 994 3796 Sed
1015 3735 1053 3795 ut
1071 3725 1138 3798 boo
1156 3748 1261 3799 exor-

288 3951 323 4018 (l)
347 3949 429 4006 Serta
444 3950 491 4006 hic
506 3950 645 4022 discerpit
659 3951 730 4019 (lbi)
752 3954 831 4008 velut
845 3952 875 4008 in
889 3953 1047 4025 AEscbylo;
1064 3955 1115 4011 sed
1135 3972 1168 4010 ea
1188 3973 1277 4027 prae·-

251 4051 421 4110 ocdeutibus
446 4053 575 4110 Hecubae
598 4053 695 4108 verbis
720 4054 802 4124 (256)
827 4057 943 4128 paulum
968 4057 1166 4122 infirmantur;
1193 4060 1262 4114 item

251 4151 318 4216 post
332 4163 450 4204 versum
465 4149 499 4204 de
519 4149 627 4221 Ulysse
642 4148 714 4221 (llll
731 4167 737 4198 ε
756 4161 802 4215 ζῶν
824 4157 896 4216 εῖσ’ἐς
914 4159 1002 4221 llaec,
1021 4151 1127 4222 aliquid
1143 4153 1262 4209 fractius
1278 4189 1281 4195 -

251 4243 339 4300 habet
353 4245 422 4317 (445)
435 4270 441 4313 ς
459 4257 524 4314 ὅπως
537 4257 659 4322 τάχιστ’ἐς
670 4256 744 4308 Aleon
757 4256 852 4322 νυμφίῳ
862 4258 1002 4322 γημώμεθα.
