3254 5112
678 521 839 586 ..53-

201 758 204 763 1
253 683 383 742 tantem
405 666 569 740 omnibus
602 664 713 736 nostri
742 665 905 736 eximunt
929 661 1003 760 (l),
1037 664 1088 734 sic
1120 673 1260 736 veteres

250 793 338 864 nihil
363 813 442 863 esse
471 789 582 881 magis
610 788 843 859 admiratione
876 787 1026 879 dignum
1055 809 1152 881 saepe
1179 809 1260 859 con-

252 918 333 990 iessi
353 928 449 988 sunt.
469 914 507 984 ln
527 914 639 1007 ipsius
667 913 867 1005 argumenti
893 912 1071 983 brevitate
1092 913 1260 983 admone·

253 1065 332 1112 mur
347 1041 392 1111 de
408 1039 587 1134 praeclarae
603 1037 711 1132 partis
726 1037 820 1108 illius
835 1037 969 1131 preti0;
992 1036 1078 1106 nihil
1095 1037 1261 1109 videlicet

251 1156 328 1238 sive
347 1165 392 1235 ad
409 1175 579 1235 terrorem
599 1166 676 1234 sive
699 1162 745 1233 ad
770 1161 1047 1234 misericordiam
1068 1162 1179 1254 magis
1199 1185 1260 1235 va-

254 1293 327 1363 lere
347 1287 414 1386 (2).
437 1287 556 1358 Cicero
569 1287 675 1358 etiam
691 1287 727 1356 in
741 1286 858 1358 fabula
877 1283 963 1356 Attii
983 1307 1053 1378 qua
1072 1287 1150 1358 sive
1166 1286 1261 1357 Euri·

254 1416 348 1511 pidis
373 1414 451 1485 sive
470 1412 624 1509 AEschyli
652 1411 882 1484 imilationem
907 1411 1059 1504 aliquam
1091 1411 1263 1484 contineri

185 1533 188 1539 ’
253 1537 449 1633 putandum
468 1546 535 1626 est,
556 1536 778 1608 exclamabat
796 1532 863 1630 (De
880 1535 964 1623 dic,
985 1535 1018 1621 l,
1033 1533 1095 1630 3l)
1114 1560 1154 1604 z«
1175 1537 1263 1606 Deus

252 1661 395 1732 inclusus
412 1681 541 1754 corpore
568 1662 726 1748 hamane,
743 1660 817 1752 jam
841 1681 912 1730 non
937 1659 1132 1730 Cassandra
1148 1659 1262 1753 loqui-

254 1797 322 1857 tur.
349 1815 365 1852 n
383 1786 477 1857 Deus
497 1785 589 1857 enim
615 1785 709 1879 apud
733 1783 935 1879 AEschylum
962 1786 1027 1856 etsi
1054 1783 1125 1857 non
1152 1785 1264 1858 oculis

253 1911 421 1999 cernitur,
440 1919 558 1981 tamen
571 1931 610 1981 re
620 1929 705 1981 vera
716 1908 893 1980 inducitur
908 1917 945 1980 et
960 1910 1078 1990 ἀληθῶς
1093 1903 1178 1979 tulvi
1195 1905 1263 2008 ἐξῃ-

253 2039 401 2132 κασμένος
416 2031 546 2130 (tall)
567 2037 642 2128 ipse
662 2034 782 2124 adest,
803 2055 845 2105 ac
862 2033 1026 2105 sensibus
1045 2033 1119 2105 fere
1137 2033 1264 2106 ceteris

255 2159 418 2231 omnibus
443 2158 651 2252 percipitur3
683 2157 781 2229 illum
806 2167 959 2228 mentem
987 2156 1136 2249 virginis
1165 2157 1263 2227 inra-

255 2287 418 2374 dentem,
441 2285 659 2377 quatientem
680 2284 828 2356 invitam
849 2281 1113 2376 lingentemque
1133 2283 1263 2356 victam

256 2411 503 2502 intelligimus3
522 2410 621 2480 illum
634 2410 704 2481 lata
723 2419 906 2481 eruentem
926 2418 961 2480 et
977 2409 1056 2503 plus
1072 2430 1178 2501 quam
1196 2407 1261 2478 hu·

256 2556 358 2605 mane
377 2543 561 2606 conantem
580 2533 763 2623 audimus,
781 2533 832 2604 sic
852 2544 970 2604 tamen
989 2543 1028 2602 ut
1046 2533 1083 2604 in
1101 2540 1184 2605 vate
1202 2553 1264 2604 na·

257 2674 335 2734 tura
351 2663 505 2732 humana
526 2684 597 2734 non
620 2662 765 2735 omnino
784 2672 1023 2749 removeatur,
1045 2661 1108 2733 sed
1128 2659 1264 2754 gravis-

255 2787 346 2858 simo
376 2787 487 2858 labori
521 2787 682 2876 resistat,
709 2787 740 2856 si
767 2795 903 2856 tantum
930 2785 1131 2856 excussisse
1155 2785 1266 2880 possit

158 2943 162 2950 ·
256 2912 454 3006 hospitem3
476 2911 597 2983 dulces
615 2911 750 2983 interea
769 2909 918 2982 infelicis
937 2911 1059 3005 patriae
1084 2911 1188 2984 sedes
1208 2933 1264 2983 re·

257 3038 477 3124 miniscatur,
498 3036 653 3130 denique
680 3036 771 3107 inter
790 3044 841 3108 tct
870 3036 963 3106 mala
989 3057 1069 3129 quae
1095 3058 1166 3108 non
1184 3058 1266 3131 pro·

257 3162 419 3234 nuntiare
445 3160 588 3254 nequit,
622 3182 687 3233 sua
715 3161 834 3234 doleat
863 3171 1083 3255 mortemque
1115 3162 1266 3253 refugiat

258 3305 479 3386 praesentem.
502 3290 593 3384 Ergo
609 3299 736 3383 agente
762 3289 830 3362 deo
858 3312 929 3362 non
956 3289 1062 3362 bomo
1082 3290 1263 3379 cessabat,

258 3431 292 3488 et
315 3417 409 3510 quod
434 3414 586 3487 artifices
610 3415 646 3485 in
674 3414 928 3487 bacchantibus
947 3414 1089 3507 quidem
1111 3413 1264 3507 saepius,

258 3542 293 3610 in
320 3540 594 3612 vaticinantibus
624 3560 722 3630 raro,
746 3538 777 3610 si
797 3540 887 3610 lorte
907 3557 1084 3631 unquam,
1106 3537 1265 3631 aggressi

295 3877 330 3946 (l)
345 3874 443 3942 Weil‚
465 3876 571 3947 Apcrru
590 3889 641 3931 scr
657 3874 781 3944 llsclmlc.
800 3872 923 3943 amaru,
944 3874 1095 3933 Santimant
1114 3876 1267 3947 calicisve,

281 4015 287 4029 .
304 3975 365 4032 473.

176 4105 180 4116 ·
260 3992 278 4045 p
295 4073 332 4140 (⁸2)
342 4074 422 4123 Τοῦτο
433 4072 461 4124 bl
471 4072 502 4124 τὸ
516 4070 589 4138 μέρος
599 4074 645 4122 τοῦ
655 4070 779 4138 δράματος
789 4069 977 4136 θωμάζεταιὼς
984 4071 1027 4122 καὶ
1036 4070 1148 4135 ἔκπληξιν
1161 4072 1215 4140 Ιχοι
1224 4069 1271 4123 καὶ

260 4169 343 4218 οἶκτον
355 4169 448 4222 ἱκανόν.
