3250 5120
824 586 984 649 ..44-

398 737 433 800 et
452 726 510 796 illa
531 743 715 819 poenarum
733 721 903 814 indagine
921 721 1094 811 inclusus,
1115 721 1320 794 calamitoso
1339 721 1413 794 otio

398 849 565 938 tabescit,
591 856 626 918 et
645 846 809 939 quamvis
830 844 917 916 nulli
934 844 1109 939 supplicio
1132 844 1316 916 submittat
1336 843 1413 914 anis

398 995 517 1063 mnm,
543 970 664 1043 evadit
678 970 713 1041 in
732 969 871 1062 agendo
888 968 1070 1040 hominum
1083 995 1087 1006 ¹
1100 990 1171 1040 non
1197 968 1288 1040 adeo
1313 968 1415 1039 dissi·

398 1098 509 1186 milis,
530 1097 603 1168 imo
621 1094 766 1166 homine
785 1093 944 1166 inferior.
958 1093 1033 1164 Stat
1052 1092 1146 1165 enim
1161 1115 1309 1187 corpore
1324 1093 1415 1164 intra

397 1221 493 1293 uires
513 1218 687 1290 humanas
707 1217 933 1310 vinculisque
952 1217 1026 1287 suis
1043 1217 1146 1309 quasi
1166 1217 1257 1287 intra
1277 1216 1417 1288 divina·

399 1345 505 1417 tionis
517 1342 606 1415 fines
619 1354 814 1414 coercetur.
833 1341 926 1434 Ergo
940 1341 986 1411 ad
998 1340 1092 1411 illam
1105 1350 1199 1412 tolus
1212 1341 1414 1430 revertitur,

399 1477 506 1560 atquc
523 1467 642 1538 animo
655 1467 833 1560 praeterita
857 1464 962 1536 simul
980 1465 1167 1558 futuraque
1182 1465 1418 1559 complectens

400 1591 655 1682 conferensque
666 1587 921 1682 praesentibus,
944 1586 1083 1658 illorum
1099 1589 1226 1658 seriem
1243 1599 1278 1658 et
1295 1609 1417 1659 secum

401 1724 436 1786 et
454 1735 573 1786 coram
593 1713 717 1784 amicis
734 1713 847 1783 amice
865 1711 1033 1805 explicat.
1054 1711 1169 1795 Quum
1190 1734 1285 1784 mors
1301 1711 1418 1783 termi-

401 1859 468 1909 nus
488 1837 569 1907 mali
589 1834 688 1932 (754)
705 1836 737 1906 ei
755 1836 968 1928 denegetur,
987 1835 1073 1927 quid
1089 1835 1187 1906 aliud
1206 1836 1420 1928 relinquitur

401 1983 505 2055 qnam
533 1962 643 2032 vitam
676 1981 817 2031 omnem
844 1959 880 2029 in
907 1969 977 2029 orte
999 1971 1184 2030 consumat
1201 1981 1263 2028 suc
1291 1957 1421 2055 (8l8)‘?

401 2085 508 2176 Cujus
527 2086 613 2156 olim
634 2085 764 2154 iontem
786 2105 826 2154 ac
846 2093 1059 2177 praeceptae
1080 2094 1192 2155 matre
1211 2085 1365 2178 accepit,
1386 2094 1422 2156 et

402 2210 448 2280 ab
473 2231 514 2280 ea
537 2231 667 2282 nomen
693 2209 815 2298 duxit3
837 2229 931 2279 nunc
957 2208 1016 2278 illa
1041 2208 1217 2300 aequalis
1241 2209 1277 2278 in
1300 2209 1422 2280 fabula

404 2335 637 2422 describitur,
654 2333 910 2423 conformavit3
932 2333 990 2403 illa
1009 2333 1120 2405 vincit
1134 2333 1305 2406 victorem
1317 2355 1421 2406 suum

404 2459 462 2532 hic
484 2468 579 2530 certe
604 2458 664 2529 lati
692 2458 874 2552 ignarum,
905 2457 963 2529 illa
992 2457 1130 2530 mortali
1155 2480 1260 2552 qnam
1288 2460 1423 2556 Jupiter

404 2585 581 2680 perdidit,
619 2604 752 2656 morem
789 2585 900 2676 gerit3
937 2583 995 2654 illa
1026 2584 1181 2678 denique
1211 2586 1423 2680 supplicium

407 2711 568 2782 ultimum
588 2730 691 2780 surum
708 2709 925 2780 consolatur.
948 2709 1060 2792 Quem
1081 2710 1189 2802 igitur
1212 2711 1248 2780 in
1270 2711 1424 2782 maxima

407 2845 507 2929 parte
527 2833 711 2926 tragoediae
730 2833 982 2905 vaticinantem
1005 2835 1188 2925 audimus,
1208 2857 1313 2928 quem
1332 2856 1423 2906 sem·

409 2958 660 3052 pervidemus
687 2967 758 3029 tota
789 2968 908 3030 mente
934 2959 1040 3030 rebus
1069 2959 1242 3031 intentum
1275 2959 1422 3049 futuris,

339 3165 342 3172 ,
410 3090 527 3153 vatem
548 3081 674 3152 merito
691 3082 851 3152 dicemus
870 3083 929 3152 vel
950 3085 1066 3176 potius
1088 3095 1229 3173 vatum,
1249 3106 1338 3177 quos
1356 3093 1425 3154 tra·

412 3206 480 3309 gioi
490 3205 666 3276 induxere
684 3206 898 3295 maximum,
916 3207 951 3276 in
973 3209 1209 3301 pulcherrima
1230 3219 1426 3281 exstantem

412 3329 599 3423 tragoedia.

462 3455 553 3546 Ergo
577 3454 669 3525 inter
693 3475 817 3526 omnes
841 3454 1009 3526 convenit
1029 3478 1209 3549 nunqnam
1229 3459 1342 3550 majus
1365 3477 1427 3530 au·

414 3579 594 3652 dientibns
622 3580 779 3651 adluisse
806 3581 1045 3674 spectaculum
1082 3581 1177 3652 fatali
1204 3583 1264 3653 illa
1290 3581 1427 3668 tabula,

416 3703 519 3797 plena
530 3704 719 3791 libertatis,
734 3705 963 3797 confertaque
976 3707 1264 3791 tumultuantium
1282 3705 1431 3777 deorum

419 3827 523 3900 minis
539 3829 803 3919 acconstantia;
819 3830 949 3900 nullam
967 3831 1191 3903 audaciorem
1202 3852 1307 3924 quam
1326 3829 1430 3900 istius

419 3952 578 4048 pristinae
609 3953 724 4025 aetatis
754 3955 958 4026 memoriam
987 3966 1022 4028 et
1049 3957 1312 4044 tractationem3
1345 3952 1433 4026 nihil

418 4078 547 4170 justius
563 4077 724 4151 homines
737 4081 905 4168 movisse,
917 4102 1119 4174 quanquam
1132 4091 1229 4153 tanto
1241 4081 1434 4152 certamine

422 4205 588 4277 mortales
609 4205 755 4293 absunt,
777 4227 818 4277 ac
834 4207 897 4277 vix
919 4207 1037 4300 aliqua
1058 4207 1234 4278 interdum
1254 4205 1294 4277 fit
1310 4225 1433 4278 eorum
1476 4257 1479 4263 .
