3250 5120
822 564 960 622 ..2-

384 703 563 795 religioni,
585 702 640 774 cui
654 701 753 773 velut
766 699 866 794 stirpi
881 698 1039 771 haerebat
1061 701 1246 793 tragoedia,
1259 703 1388 774 servic—

384 834 468 904 bant
484 841 597 927 poetae
610 852 718 924 quum
737 830 871 901 divinae
888 829 1081 902 voluntatis
1093 831 1301 925 interpretes
1323 853 1393 903 non

384 958 606 1045 omitterent,
627 966 662 1028 et
681 956 718 1025 in
739 955 875 1026 theatro
895 956 992 1048 quod
1011 955 1192 1027 assiduum
1211 955 1392 1027 bominum

385 1086 604 1175 deorumque
633 1083 882 1154 commercium
918 1083 1213 1174 repraesentabat,
1246 1081 1392 1153 heroum

385 1207 520 1278 cohorti
541 1206 735 1295 adjicerent
754 1206 963 1300 praeclarum
983 1206 1082 1276 illum
1102 1208 1179 1297 ejus
1200 1206 1236 1276 in
1254 1206 1393 1298 agendo

387 1352 569 1402 suasorem
582 1341 617 1402 et
627 1341 821 1420 auctorem,
833 1341 894 1400 τῶν
908 1331 1043 1425 μάντεων
1057 1330 1275 1403 comitatum.
1289 1331 1395 1403 Vates

387 1455 436 1526 ibi
463 1477 532 1527 non
554 1465 721 1548 tanquam
749 1454 906 1548 hospites
936 1457 1227 1548 peregrinantur,
1252 1454 1316 1526 sed
1335 1476 1397 1550 ant

388 1581 530 1652 domum
554 1580 713 1651 habitant
731 1602 830 1652 suam
851 1587 912 1651 aut
935 1591 1101 1673 tanquam
1125 1577 1394 1652 contubernales

388 1703 552 1776 alienam.
574 1705 695 1797 Neque
715 1707 760 1777 de
780 1705 1010 1777 mendacibus
1029 1707 1098 1776 illis
1115 1704 1260 1777 hariolis
1279 1705 1396 1798 loqui-

388 1851 487 1916 mur,
519 1830 577 1920 qod
597 1833 650 1899 soi
671 1841 818 1920 qooestos
840 1853 940 1901 causo
965 1832 1060 1922 fictos
1089 1835 1247 1900 soccitant
1274 1839 1396 1899 senten·

388 1959 451 2024 tios
473 1952 562 2050 (l);⁴
576 1976 696 2026 eorum
724 1955 868 2048 quidem
894 1954 1186 2048 relinquebantur
1208 1953 1395 2046 praestigiae

278 2081 282 2087 “
387 2071 487 2148 velul
505 2079 625 2170 praeda
649 2078 766 2149 debita
793 2079 1003 2150 sannionum
1032 2078 1207 2150 dicacitati
1236 2087 1297 2148 aut
1325 2077 1394 2148 les·

390 2203 473 2274 tivae
493 2204 704 2274 comicorum
728 2203 899 2274 audaciae.
923 2202 960 2273 ln
984 2203 1157 2296 tragoedia
1179 2224 1265 2274 vero
1285 2221 1396 2295 quan·

389 2348 494 2420 quam
514 2328 709 2398 maledictis
726 2337 826 2399 vates
848 2350 917 2400 non
941 2329 1048 2400 semel
1070 2327 1226 2420 figuntur
1246 2337 1282 2398 et
1301 2347 1397 2397 men-

392 2451 496 2524 daces
533 2454 702 2546 avarique
736 2454 913 2543 dicuntur,
955 2478 993 2524 re
1030 2476 1204 2546 nusquam
1237 2453 1397 2523 fallentes

392 2579 545 2672 salsique
572 2578 631 2648 vel
656 2579 801 2650 minima
829 2601 867 2650 re
893 2581 1143 2668 inveniuntur3
1177 2589 1307 2649 tantam
1342 2598 1399 2647 ars

391 2703 469 2793 illa,
482 2705 539 2776 vel
551 2727 622 2797 qno
638 2719 796 2798 tempore
816 2705 994 2775 infamiam
1016 2707 1051 2777 in
1068 2705 1141 2776 vita
1161 2726 1231 2775 non
1249 2703 1396 2794 eflugie-

391 2829 465 2918 bat,
488 2831 523 2901 in
543 2853 657 2903 scaena
680 2833 888 2923 gravitatem
910 2832 1065 2902 retinuit.
1200 2915 1204 2921 Ι

440 2955 536 3027 lllius
553 2967 669 3028 autem
691 2980 771 3050 quae
791 2959 896 3029 fuerit
910 2971 986 3029 dote
998 2961 1137 3050 tropicos
1151 2958 1304 3044 fortuna,
1322 2957 1401 3049 quis

394 3081 497 3152 etiam
517 3081 626 3169 color,
648 3093 785 3173 quaeret
813 3083 931 3154 forsan
958 3083 1110 3174 aliquis,
1138 3104 1202 3152 neo
1230 3081 1398 3168 materia,

395 3226 595 3299 quanquam
616 3207 673 3276 bic
689 3207 805 3278 aliena
824 3207 1021 3309 videbitur,
1034 3209 1152 3279 studio
1168 3217 1222 3278 est
1241 3207 1398 3298 indigna,

396 3351 461 3401 nec
479 3330 639 3423 plurimis
656 3331 793 3423 paginis
812 3354 882 3404 nou
899 3331 1069 3422 sufficiat;
1090 3333 1144 3403 sin
1163 3342 1281 3403 autem
1301 3333 1346 3402 de
1360 3330 1402 3402 iis

394 3466 518 3548 Qetur
534 3466 667 3528 tantum
687 3458 828 3540 vatibus
846 3458 960 3551 quiin
982 3457 1153 3551 poematis
1170 3455 1400 3544 inducuntur,

392 3581 544 3672 quaestio
561 3581 659 3651 intra·
671 3581 807 3674 epicum
823 3573 934 3673 genus
953 3582 1186 3667 coercebitur,
1205 3583 1305 3672 cujus
1323 3600 1402 3672 pars

398 3707 551 3776 maxima
578 3707 730 3780 Homero
759 3718 907 3802 excepto
933 3707 1167 3779 desideratur.
1194 3709 1236 3778 Io
1257 3709 1402 3778 Homero

399 3851 506 3920 uero,
533 3841 571 3901 ut
596 3830 690 3903 bunc
715 3855 823 3914 unum
843 3833 1016 3928 excipiam
1041 3855 1061 3903 e
1085 3853 1156 3925 quo
1184 3832 1282 3903 velut
1304 3832 1401 3922 largo

398 3977 439 4027 ao
459 3959 605 4050 perenni
627 3961 723 4033 fonte
746 3961 896 4042 defluxit
925 3961 1040 4032 omnis
1061 3959 1262 4028 Graecorum
1288 3955 1404 4049 poesis

396 4261 410 4272 ..
425 4217 473 4286 tl)
487 4215 600 4274 Ennius
614 4236 660 4290 ap.
676 4219 820 4288 ciceron,
837 4221 874 4275 Dc
887 4218 954 4283 diui,
972 4218 995 4288 I,
1011 4217 1055 4282 lo,
1071 4218 1114 4274 88.
