3250 5120
803 539 963 600 ..22-

302 697 312 718 ·
422 677 474 748 Ex
505 674 630 747 nuntio
661 695 774 768 nuper
802 675 965 746 auditum
994 687 1070 746 erat
1098 689 1230 769 quanta
1265 680 1390 754 luisset

371 802 511 889 clades,
532 810 619 892 quot
648 799 831 870 hominum
865 809 901 870 et
926 811 1072 894 quantae¹
1096 802 1275 895 inlamiae3
1303 828 1389 880 mox

373 926 432 997 ubi
455 947 519 997 rex
543 924 750 1011 inducetur,
773 923 803 994 is
830 936 994 1019 erumpet
1014 926 1116 998 dolor
1134 950 1243 1021 quern
1271 931 1388 1002 nullus

371 1072 539 1147 superare
562 1049 687 1144 possit.
720 1049 850 1122 Mediam
877 1060 974 1142 atque
998 1063 1199 1144 opportunus
1224 1055 1276 1125 tic
1304 1055 1389 1128 moto

372 1178 455 1265 fuit,
484 1197 555 1270 quo
582 1175 638 1247 vir
668 1195 775 1270 supra
805 1174 995 1248 humanam
1025 1187 1186 1248 naturam
1217 1189 1386 1268 evectus,

370 1301 557 1395 caliginem
585 1322 703 1371 rerum
730 1297 896 1372 discutiat
922 1311 958 1371 et
988 1310 1038 1373 tot
1064 1302 1237 1373 malorum
1262 1324 1388 1376 causas

370 1426 495 1518 grandi
519 1446 581 1498 ore
616 1423 834 1517 pronuntiet.
866 1422 1174 1507 Quemadmodum
1205 1426 1388 1518 Neptunus

371 1551 429 1623 ille
443 1552 657 1644 virgilianus
673 1571 821 1642 magnos
835 1551 927 1620 inter
942 1552 1041 1644 ponti
1059 1552 1232 1624 tumultus
1249 1571 1387 1624 summa

370 1676 546 1770 placidum
572 1686 678 1768 caput
703 1673 798 1745 unda
825 1675 929 1746 ellert
957 1674 1156 1768 fluctusque
1181 1677 1384 1770 componit,

369 1802 420 1875 sic
439 1824 504 1874 rex
521 1801 689 1894 antiquus
713 1799 742 1870 is
764 1799 829 1870 luit
848 1800 910 1893 qui
930 1799 1063 1893 pietate
1082 1801 1289 1894 meritisque
1308 1823 1387 1894 gra·
1453 1838 1457 1851 .

370 1927 438 2018 vie,
455 1927 519 1998 sed
539 1947 608 1997 non
626 1924 716 1997 adeo
734 1926 891 2018 graviter
907 1936 1122 2016 commotus,
1140 1926 1266 1998 melius
1282 1947 1386 2022 quam

368 2052 517 2144 quilibet
531 2051 638 2140 alius,
660 2060 888 2143 exasperatos
906 2049 1002 2120 luctu
1020 2051 1158 2124 animos
1177 2051 1385 2145 aliquandiu

367 2175 542 2269 placaret,
577 2174 737 2266 neglecta
765 2173 952 2262 edoceret,
981 2174 1141 2245 divinam
1166 2175 1384 2269 uoluntatem

369 2300 672 2393 interpretaretur.
708 2339 754 2354 -
783 2301 857 2372 lmo
886 2297 947 2370 illa
980 2321 1098 2371 scaena
1132 2299 1172 2370 lit
1203 2301 1384 2395 quoddam

367 2422 517 2500 actionis
537 2447 664 2518 genae,
681 2446 762 2518 quae
780 2427 875 2496 nulla
893 2427 985 2498 foret
1000 2427 1159 2520 profecto
1178 2427 1208 2496 si
1226 2448 1247 2497 a
1265 2447 1384 2497 narra-

368 2550 463 2622 tione
482 2550 644 2644 protinus
669 2551 714 2620 ad
735 2548 834 2621 chori
851 2549 1055 2642 Xerxisque
1082 2550 1263 2643 dialogum
1286 2550 1385 2622 uelut

366 2675 606 2747 acarceribus
631 2675 750 2745 statim
774 2673 819 2745 ad
846 2673 979 2746 calcem
1004 2675 1122 2745 sta-tim
1147 2674 1380 2746 deterremur.

365 2799 438 2871 Hac
466 2801 594 2872 luturae
621 2799 732 2870 cladis
757 2799 1061 2892 pronuntiatione
1077 2819 1233 2892 praesens
1259 2819 1383 2893 proro-

364 2935 492 3017 gatur3
516 2925 745 3018 pristinorum
773 2925 999 2997 oraculorum
1028 2925 1198 2997 memoria
1225 2924 1384 3018 pleniore

364 3049 484 3120 omnia
499 3049 577 3120 luce
591 3049 860 3139 circumfundit5
872 3071 916 3122 ea
926 3051 1002 3143 ipsa
1016 3071 1099 3142 quae
1113 3069 1227 3144 nuper
1242 3059 1383 3136 narrata

365 3184 461 3262 sunt,
484 3171 628 3266 quando
649 3194 671 3243 a
690 3173 836 3245 senibus
856 3185 1067 3269 repetuntur
1086 3184 1122 3246 et
1141 3173 1300 3246 luctuosa
1317 3174 1382 3248 ita·

365 3309 487 3369 rantur
512 3298 681 3392 vestigia,
705 3298 807 3369 dolor
825 3299 931 3372 altius
954 3300 1113 3371 animum
1133 3310 1312 3394 penetrat,
1333 3301 1382 3372 ita
1453 3335 1466 3362 .

365 3433 404 3492 ut
421 3422 554 3494 civium
580 3443 621 3494 ac
640 3423 734 3515 regis
754 3423 910 3516 querelis
929 3424 1036 3519 paulo
1062 3435 1141 3518 post
1165 3446 1237 3496 non
1255 3445 1381 3516 grave·

365 3567 444 3616 mur
470 3546 647 3617 theatrum
671 3567 778 3618 omne
795 3546 951 3618 incendi.
978 3589 1026 3600 --
1047 3546 1243 3642 AEschpleae
1261 3559 1379 3620 autem

363 3669 449 3740 artis
469 3670 535 3740 luit
554 3670 732 3763 duplicem
755 3671 965 3760 victoriam,
984 3671 1187 3764 quaerelut
1206 3671 1380 3743 recentior

363 3814 470 3886 quam
511 3803 550 3864 ut
584 3815 702 3866 scaena
739 3795 847 3887 digna
883 3795 949 3884 sit,
978 3795 1051 3888 jam
1083 3794 1120 3865 in
1148 3782 1377 3889 longinquam

362 4077 438 4136 rasst
454 4077 519 4133 sich
534 4077 602 4134 aber
617 4079 781 4136 asthetisch
800 4079 853 4136 aul
870 4080 954 4136 keine
971 4077 1076 4134 Weise
1095 4077 1300 4150 reolrtlert'men
1319 4078 1378 4136 und

362 4177 402 4234 ist
416 4175 489 4250 ga'nz
504 4177 695 4236 enteohieden
713 4178 868 4246 schwachr
885 4195 915 4234 u.
931 4177 959 4234 d.
976 4193 1002 4232 a.
1053 4227 1056 4235 .
