3250 5120
780 522 939 588 ..34-

355 673 492 749 natura,
515 681 632 754 neque
651 669 667 731 t
689 662 836 756 πυρφόρος
854 662 917 740 θεὸς
941 669 980 730 ut
997 659 1141 732 videtur
1163 661 1365 734 ullomodo

355 801 456 863 vates
485 791 563 860 fuit.
599 788 668 860 Sed
699 808 770 860 non
799 787 905 882 longo
938 798 1018 884 post
1055 789 1244 863 intervallo
1278 802 1365 863 tem·

356 921 473 1015 poris,
499 918 652 991 nominis
675 937 782 989 causa
794 970 806 1006 ,
833 917 870 988 id
896 917 1018 990 valent
1045 919 1080 989 in
1100 918 1156 992 his
1173 920 1281 993 rebus
1302 941 1366 994 no·

357 1045 471 1134 mina,
492 1043 611 1115 omnia
639 1043 785 1136 ingenio
808 1041 994 1135 complecti
1018 1042 1136 1115 dictus
1162 1053 1236 1133 est,
1264 1057 1299 1116 et
1329 1044 1365 1116 in

355 1169 578 1266 providendo
595 1179 688 1240 totus
707 1169 786 1240 fuit.
807 1167 891 1240 Eam
918 1179 1035 1241 autem
1063 1170 1173 1263 partis
1193 1170 1364 1262 indolem,

239 1328 242 1340 ·
287 1359 293 1372 ,
357 1293 526 1388 neglectis
542 1308 615 1365 non
635 1293 756 1387 paucis
770 1314 852 1386 quae
869 1292 998 1364 tradita
1017 1303 1118 1364 erant
1133 1294 1367 1389 pluribusque

356 1419 499 1509 additis,
520 1417 705 1514 AEschylus
725 1418 878 1489 maxima
897 1438 983 1489 cura
1001 1427 1037 1489 et
1051 1419 1153 1513 copia
1169 1441 1307 1490 summa
1330 1419 1366 1490 in

357 1547 426 1621 dec
445 1547 632 1641 expressit.
652 1547 754 1617 lllum
776 1568 845 1618 non
863 1545 1084 1618 divinantem
1105 1549 1212 1619 modu
1229 1547 1293 1619 sed
1313 1548 1368 1619 di-

358 1672 549 1744 vinationis
583 1682 690 1766 atque
722 1671 881 1743 omnium
907 1683 989 1765 quae
1022 1672 1058 1741 in
1088 1693 1130 1744 ea
1160 1671 1369 1744 dividuntur

357 1817 527 1892 generum
545 1797 767 1868 inventorem
785 1797 924 1868 fecitne
942 1796 1164 1889 magistrum,
1183 1794 1252 1867 lul
1267 1806 1303 1868 et
1318 1817 1367 1886 s.,

358 1931 397 1991 ut
412 1919 632 2011 hominibus,
648 1919 700 1992 sic
719 1921 775 1991 dis
791 1929 897 2014 atque
914 1920 981 2015 ipsi
999 1921 1123 1993 mundi
1143 1921 1277 1993 arbitro
1292 1940 1372 1991 auc·

359 2054 471 2117 torem
502 2045 755 2116 necessarium.
790 2085 836 2097 -
862 2030 1072 2117 Promethea
1103 2045 1163 2117 alii
1195 2067 1266 2118 non
1296 2053 1371 2116 arte

358 2171 422 2242 sed
447 2191 532 2242 casu
559 2170 657 2243 Iovis
683 2170 753 2242 fata
779 2171 964 2265 excepisse
984 2179 1265 2242 memoraverunt
1282 2166 1370 2265 (uy-

358 2297 449 2389 gin„
468 2299 561 2368 Poet.
583 2307 683 2384 uste,
706 2295 748 2386 ll,
772 2296 817 2365 ⁴5
839 2322 847 2366 :
871 2321 888 2362 ο
905 2295 1134 2368 Prometheus
1154 2316 1225 2368 non
1241 2295 1370 2367 volun-

359 2429 429 2491 tate
446 2421 510 2491 sed
529 2419 760 2490 necessitudine
778 2419 945 2512 vigilans.
970 2446 985 2484 ν
1007 2418 1058 2490 cf.
1079 2418 1274 2509 Wecklein,
1293 2421 1373 2490 Stu-

358 2543 481 2615 dienzu
490 2543 622 2633 AEsclr.,
634 2565 669 2636 p.
682 2539 764 2639 alp
778 2543 862 2614 vide
871 2563 979 2634 quam
991 2543 1164 2614 nostersit
1174 2542 1368 2613 dissimilis.

358 2666 490 2738 Natura
503 2667 621 2739 omnia
635 2667 814 2760 providet,
833 2687 950 2760 neque
967 2687 1047 2737 eum
1068 2675 1239 2758 quantum
1254 2666 1374 2761 Κράτος

358 2793 477 2886 cupiat
495 2789 576 2889 (85)
594 2788 837 2888 ψευδωνύμως...
860 2786 1003 2888 δαίμονες
1029 2795 1188 2888 Προμηθέα
1211 2798 1369 2861 καλοῦσιν.

359 2914 423 2986 Hic
436 2914 605 2987 Themide
622 2937 692 2988 non
710 2916 829 2988 nescio
841 2937 911 3009 qua
922 2915 1089 3011 Clymeno
1106 2925 1210 2987 natus
1228 2914 1369 2985 dicitur.

359 3037 546 3132 Nunquam
571 3039 608 3110 in
628 3038 746 3110 tabula
770 3060 841 3112 non
862 3040 908 3110 ad
931 3038 1048 3110 futura
1069 3038 1214 3133 respicit
1231 3035 1314 3133 (98,
1335 3041 1373 3108 τὸ
1502 3031 1506 3040 ’

360 3163 467 3257 παρόν,
491 3165 541 3254 τόἸ
556 3168 586 3233 τ’
613 3165 827 3258 ἐπερχόμενον.
860 3162 942 3253 llll,
964 3165 1068 3233 καίτοι
1092 3165 1126 3232 τί
1152 3187 1251 3258 φημι;
1273 3163 1375 3232 πάντα

288 3281 289 3284 “
359 3281 617 3382 προύξεπίςταμαι
641 3289 767 3382 σκεθρῶς
793 3287 836 3358 τὰ
866 3291 1010 3384 μέλλοντ’
1037 3282 1107 3357 οὐδέ
1136 3317 1188 3384 μοι
1214 3290 1374 3358 ποταίνιον

361 3415 440 3505 σῆμ’
462 3405 547 3479 οὐδὲν
561 3405 662 3506 ἥξει);
683 3410 755 3481 imo
776 3420 943 3505 tanquam
961 3411 1086 3484 eodem
1106 3412 1232 3505 gradu,
1249 3411 1374 3516 eodem
1394 3443 1396 3448 ⁴

362 3533 440 3605 loco
460 3533 527 3603 sita
554 3534 672 3606 omnia
697 3535 745 3605 ita
772 3535 943 3631 intuetur,
965 3545 1004 3606 ut
1023 3537 1189 3629 praesenti
1218 3545 1375 3630 tempore

364 3656 515 3730 dicendo
540 3669 658 3730 utatur
680 3661 741 3731 ubi
759 3660 827 3732 alia
852 3681 953 3756 paene
972 3661 1186 3733 videbantur
1211 3679 1375 3732 necessa·

363 3781 416 3850 ria
435 3779 607 3878 (praesens
626 3805 690 3878 pro
710 3784 914 3877 praeterit03
942 3784 1034 3874 l09,
1055 3789 1204 3882 θηρῶμαι.
1237 3824 1283 3837 -
1312 3802 1375 3876 pro

364 3904 507 3996 lulur03
528 3905 611 3996 l7l‚
631 3911 838 3979 ἀποσυλᾶσαι.
854 3906 921 3980 211
940 3961 951 3996 ,
967 3910 1134 4005 κραίνοιτο.
1153 3907 1246 3997 525,
1266 3913 1375 4003 ἐκφυγ·

363 4032 459 4127 γάνω.
490 4029 583 4121 764,
606 4031 761 4128 ἀσχαλᾷ).
782 4033 843 4103 Cui
861 4033 928 4103 arti
950 4034 980 4104 si
999 4033 1086 4126 quid
1105 4033 1140 4103 in
1161 4033 1238 4123 ejus
1257 4031 1376 4104 verbis

365 4175 489 4249 parum
512 4156 703 4246 convenit,
733 4155 959 4228 acerbitatem
983 4154 1091 4227 animi
1128 4155 1240 4249 magis
1266 4175 1373 4249 quarn
