3254 5112
631 537 791 601 ..73-

202 695 282 742 mur
296 693 366 766 qua
384 682 460 745 arte
479 674 597 745 lutura
617 673 730 745 soleat
749 672 810 744 ille
830 675 1051 768 praesentire.
1073 675 1217 748 induci-

204 809 260 870 tur
281 819 393 870 senex
413 819 543 888 caecus,
571 798 717 869 omnino
742 798 885 892 sapiens
905 799 942 871 ui
963 800 1147 872 lacessitus
1169 800 1215 874 ad

204 923 428 994 irascendum
457 935 528 994 tam
557 933 741 1017 promptus
761 933 873 1013 esset3
900 924 996 1017 quod
1023 936 1139 998 tamen
1167 925 1219 996 ia·

204 1049 298 1121 bnlae
316 1071 387 1121 non
408 1059 512 1120 nocet
532 1047 600 1144 (l).

251 1173 376 1246 Verbis
405 1194 492 1245 vero
525 1174 602 1263 ejus
635 1172 693 1244 vel
724 1173 841 1266 potius
877 1193 1005 1246 scaenae
1034 1175 1220 1269 utriusque

204 1297 449 1392 compositioni
466 1298 579 1390 major
595 1317 680 1369 cura
701 1297 863 1371 debetur.

251 1422 345 1495 Nihil
367 1418 492 1516 OEdr'po
508 1425 594 1514 Repe
611 1421 749 1516 planius
767 1422 922 1494 ostendit
939 1432 1109 1516 quantum
1122 1425 1214 1496 inter

204 1547 406 1642 AEschylum
417 1559 453 1618 et
466 1547 675 1641 Sophoclem
688 1547 724 1616 in
739 1547 1052 1620 vaticinationibus
1063 1549 1217 1624 intersit.

205 1673 383 1744 Summam
392 1673 535 1766 quidem
551 1672 703 1743 intuenti
718 1693 775 1742 res
785 1671 912 1743 eadem
926 1671 984 1744 hic
997 1673 1053 1764 agi
1072 1675 1221 1747 lortasse

204 1800 384 1870 videbitur
401 1819 481 1892 quae
501 1797 538 1868 in
552 1796 832 1889 Agamemnone,
844 1798 1013 1891 quoniam
1029 1798 1220 1893 utrobique

204 1931 381 2017 spectatur
395 1922 616 1994 celerrimum
632 1920 760 1992 summi
782 1922 875 2014 regis
893 1923 1131 2015 naufragium.
1149 1923 1218 1996 Sed

205 2059 422 2142 quantopere
462 2048 630 2120 differunt
669 2048 756 2117 locus
788 2047 865 2117 ordo
904 2059 935 2118 et
973 2059 1080 2118 totum
1118 2071 1219 2140 pertus

204 2172 487 2246 vaticinationis!
515 2172 553 2242 ln
580 2173 658 2265 ipso
687 2171 761 2243 lere
787 2171 938 2243 exordio
970 2171 1122 2244 Tiresias
1149 2173 1219 2244 lata

204 2297 328 2392 OEdipi
355 2297 522 2391 explicat.
560 2297 686 2388 Liquet
718 2316 781 2367 cur
808 2296 838 2366 is
867 2295 1089 2389 potissimum
1121 2297 1221 2370 locus

205 2423 337 2494 electus
357 2421 415 2491 sit.
430 2419 494 2492 Tot
509 2420 603 2491 enim
624 2419 796 2491 malorum
817 2421 992 2491 rationem
1013 2440 1054 2490 ac
1068 2430 1220 2514 peractae

205 2545 289 2616 vitae
322 2566 447 2615 cursus
481 2565 678 2638 causasque
717 2565 834 2616 rerum
866 2554 1065 2638 spectantes
1093 2566 1218 2636 quam·

206 2689 310 2762 quam
332 2657 488 2740 breviter
508 2669 681 2740 edocendi
702 2678 817 2740 erant.
836 2668 1093 2741 vaticinatione
1113 2669 1223 2760 igitur
1303 2732 1308 2742 .

205 2794 369 2864 ellectum
384 2803 437 2864 est
452 2794 548 2887 quod
565 2794 721 2889 prologis
736 2793 832 2896 apud
846 2792 1067 2887 Euripidem,
1084 2792 1220 2866 sedhic

206 2938 292 2990 sane
318 2920 428 2991 multo
456 2920 589 3011 majore
617 2927 653 2989 et
677 2919 713 2988 vi
745 2927 780 2988 et
806 2927 904 2989 motu
934 2928 969 2990 et
999 2919 1219 2990 audientium

207 3045 402 3138 voluptate.
418 3117 421 3130 ,
440 3044 495 3116 Ab
522 3044 706 3138 AEschylea
724 3042 919 3115 Cassandra
944 3045 1062 3115 omnia
1087 3043 1220 3137 flagitia

208 3169 494 3242 memorabantur
516 3191 667 3262 quorum
690 3169 911 3241 debebantur
940 3191 1076 3263 poenae3
1104 3190 1222 3263 neque

208 3293 295 3364 deos
320 3304 455 3365 tantum
481 3294 744 3386 intelligebatur
770 3295 877 3365 rebus
902 3293 1065 3365 humanis
1091 3314 1219 3365 consu-

208 3417 299 3506 lere;
312 3420 376 3491 sed
395 3441 466 3492 vox
482 3441 605 3492 eorum
620 3421 789 3508 sonabat;
803 3440 934 3490 numen
952 3420 1009 3490 cui
1025 3428 1142 3490 vatem
1164 3439 1219 3489 re·

208 3541 397 3615 luctantem
411 3543 639 3614 intuebantur
653 3554 787 3614 tantum
798 3564 867 3613 uon
883 3563 1040 3635 praesens
1049 3542 1225 3636 adspicie-

208 3665 326 3737 batur.
345 3666 543 3760 Sophocleo
559 3665 632 3737 vati
652 3666 741 3737 irato
759 3665 903 3758 quidem
918 3665 982 3736 sed
997 3686 1220 3760 nequaquam

248 3998 281 4066 (ll
303 3998 378 4055 Vide
390 3999 489 4056 Jahrb.
503 3999 528 4072 Ῐ.
544 4000 630 4069 Pltt'l„
642 3998 721 4068 1851,
738 4015 805 4072 sup.
821 4000 865 4068 17,
880 4017 911 4073 p.
927 4000 961 4057 51
971 4014 980 4055 2
990 4010 1117 4073 Τειρεσίας
1132 4013 1221 4077 dupo-

210 4107 293 4171 φήτης.
313 4095 357 4153 De
370 4097 516 4154 Tiresia...
532 4101 674 4171 quotquot
690 4097 810 4170 reperiri
823 4103 981 4170 potueruut
993 4097 1089 4155 fontes
1103 4105 1132 4154 et
1146 4099 1223 4156 dicta

209 4193 326 4264 collegit
339 4197 369 4249 et
384 4193 531 4268 disposuit
541 4193 646 4254 Franc.
660 4193 725 4253 Jac.
740 4193 858 4252 Schoell.
942 4235 947 4245 .
