<?xml version="1.0" encoding="UTF-8"?>
<!DOCTYPE html PUBLIC "-//W3C//DTD XHTML 1.0 Transitional//EN"
    "http://www.w3.org/TR/xhtml1/DTD/xhtml1-transitional.dtd">
<html xmlns="http://www.w3.org/1999/xhtml" xml:lang="en" lang="en">
 <head>
  <title>
</title>
<meta http-equiv="Content-Type" content="text/html;charset=utf-8" />
  <meta name='ocr-system' content='tesseract 3.04.00' />
  <meta name='ocr-capabilities' content='ocr_page ocr_carea ocr_par ocr_line ocrx_word'/>
</head>
<body>
  <div class='ocr_page' id='page_1' title='image "./devaticinatione00thomgoog_0030.png"; bbox 0 0 3250 5120; ppageno 0'>
   <div class='ocr_carea' id='block_1_1' title="bbox 256 596 1369 3452">
    <p class='ocr_par' dir='ltr' id='par_1_1' title="bbox 256 596 1280 1676">
     <span class='ocr_line' id='line_1_1' title="bbox 694 596 836 660; baseline 0 -16"><span class='ocrx_word' id='word_1_1' title='bbox 694 629 735 644; x_wconf 94' lang='lat'>..</span> <span class='ocrx_word' id='word_1_2' title='bbox 757 596 775 660; x_wconf 84' lang='lat'>9</span> <span class='ocrx_word' id='word_1_3' title='bbox 796 632 836 642; x_wconf 82' lang='grc'><strong>-</strong></span> 
     </span>
     <span class='ocr_line' id='line_1_2' title="bbox 266 733 1277 830; baseline 0 -22"><span class='ocrx_word' id='word_1_4' title='bbox 266 733 358 808; x_wconf 85' lang='lat' dir='ltr'>Nihil</span> <span class='ocrx_word' id='word_1_5' title='bbox 384 756 430 807; x_wconf 83' lang='lat' dir='ltr'>ex</span> <span class='ocrx_word' id='word_1_6' title='bbox 453 734 496 804; x_wconf 92' lang='lat' dir='ltr'>iis</span> <span class='ocrx_word' id='word_1_7' title='bbox 524 754 604 826; x_wconf 86' lang='lat' dir='ltr'>quae</span> <span class='ocrx_word' id='word_1_8' title='bbox 630 734 838 828; x_wconf 92' lang='lat' dir='ltr'>proposuit,</span> <span class='ocrx_word' id='word_1_9' title='bbox 861 736 1090 828; x_wconf 90' lang='lat' dir='ltr'>quantumvis</span> <span class='ocrx_word' id='word_1_10' title='bbox 1111 737 1157 808; x_wconf 88' lang='lat' dir='ltr'>sit</span> <span class='ocrx_word' id='word_1_11' title='bbox 1182 759 1277 830; x_wconf 81' lang='lat' dir='ltr'>mag·</span> 
     </span>
     <span class='ocr_line' id='line_1_3' title="bbox 256 857 1277 953; baseline 0.002 -21"><span class='ocrx_word' id='word_1_12' title='bbox 256 880 345 932; x_wconf 89' lang='lat' dir='ltr'>num</span> <span class='ocrx_word' id='word_1_13' title='bbox 371 868 406 930; x_wconf 89' lang='lat' dir='ltr'>et</span> <span class='ocrx_word' id='word_1_14' title='bbox 430 857 639 947; x_wconf 85' lang='lat' dir='ltr'>excelsum,</span> <span class='ocrx_word' id='word_1_15' title='bbox 671 880 718 930; x_wconf 85' lang='lat' dir='ltr'>ex</span> <span class='ocrx_word' id='word_1_16' title='bbox 738 857 900 953; x_wconf 87' lang='lat' dir='ltr'>populari</span> <span class='ocrx_word' id='word_1_17' title='bbox 918 859 1072 953; x_wconf 91' lang='lat' dir='ltr'>primum</span> <span class='ocrx_word' id='word_1_18' title='bbox 1090 861 1186 933; x_wconf 84' lang='lat' dir='ltr'>tonte</span> <span class='ocrx_word' id='word_1_19' title='bbox 1206 884 1277 934; x_wconf 94' lang='lat' dir='ltr'>non</span> 
     </span>
     <span class='ocr_line' id='line_1_4' title="bbox 257 982 1278 1076; baseline 0.003 -21"><span class='ocrx_word' id='word_1_20' title='bbox 257 982 398 1069; x_wconf 79' lang='lat' dir='ltr'>hausit,</span> <span class='ocrx_word' id='word_1_21' title='bbox 428 993 491 1052; x_wconf 95' lang='lat' dir='ltr'>aut</span> <span class='ocrx_word' id='word_1_22' title='bbox 519 983 639 1076; x_wconf 93' lang='lat' dir='ltr'>aliquo</span> <span class='ocrx_word' id='word_1_23' title='bbox 667 983 812 1055; x_wconf 83' lang='lat' dir='ltr'>vinculo</span> <span class='ocrx_word' id='word_1_24' title='bbox 839 983 962 1076; x_wconf 90' lang='lat' dir='ltr'>patriis</span> <span class='ocrx_word' id='word_1_25' title='bbox 987 984 1041 1055; x_wconf 89' lang='lat' dir='ltr'>dis</span> <span class='ocrx_word' id='word_1_26' title='bbox 1066 999 1127 1057; x_wconf 90' lang='lat' dir='ltr'>aut</span> <span class='ocrx_word' id='word_1_27' title='bbox 1150 986 1278 1058; x_wconf 83' lang='lat' dir='ltr'>tabulis</span> 
     </span>
     <span class='ocr_line' id='line_1_5' title="bbox 258 1105 1279 1202; baseline 0.004 -25"><span class='ocrx_word' id='word_1_28' title='bbox 258 1129 331 1179; x_wconf 89' lang='lat' dir='ltr'>non</span> <span class='ocrx_word' id='word_1_29' title='bbox 351 1107 516 1198; x_wconf 82' lang='lat' dir='ltr'>religavit</span> <span class='ocrx_word' id='word_1_30' title='bbox 535 1105 603 1202; x_wconf 84' lang='lat' dir='ltr'>(t).</span> <span class='ocrx_word' id='word_1_31' title='bbox 627 1106 684 1177; x_wconf 89' lang='lat' dir='ltr'>Sio</span> <span class='ocrx_word' id='word_1_32' title='bbox 703 1106 890 1202; x_wconf 88' lang='lat' dir='ltr'>AEsobylus</span> <span class='ocrx_word' id='word_1_33' title='bbox 907 1129 1013 1200; x_wconf 91' lang='lat' dir='ltr'>quam</span> <span class='ocrx_word' id='word_1_34' title='bbox 1039 1109 1101 1201; x_wconf 93' lang='lat' dir='ltr'>qui</span> <span class='ocrx_word' id='word_1_35' title='bbox 1124 1111 1279 1181; x_wconf 81' lang='lat' dir='ltr'>maxime</span> 
     </span>
     <span class='ocr_line' id='line_1_6' title="bbox 259 1229 1279 1327; baseline 0.006 -26"><span class='ocrx_word' id='word_1_36' title='bbox 259 1231 326 1301; x_wconf 83' lang='lat' dir='ltr'>suit</span> <span class='ocrx_word' id='word_1_37' title='bbox 345 1229 490 1323; x_wconf 84' lang='lat' dir='ltr'>dignior</span> <span class='ocrx_word' id='word_1_38' title='bbox 509 1231 570 1323; x_wconf 89' lang='lat' dir='ltr'>qui</span> <span class='ocrx_word' id='word_1_39' title='bbox 590 1242 792 1302; x_wconf 87' lang='lat' dir='ltr'>sanctorum</span> <span class='ocrx_word' id='word_1_40' title='bbox 819 1232 961 1304; x_wconf 92' lang='lat' dir='ltr'>illorum</span> <span class='ocrx_word' id='word_1_41' title='bbox 986 1243 1169 1326; x_wconf 89' lang='lat' dir='ltr'>poetarum</span> <span class='ocrx_word' id='word_1_42' title='bbox 1182 1255 1279 1327; x_wconf 83' lang='lat' dir='ltr'>quos</span> 
     </span>
     <span class='ocr_line' id='line_1_7' title="bbox 260 1355 1280 1454; baseline 0.004 -28"><span class='ocrx_word' id='word_1_43' title='bbox 260 1356 385 1428; x_wconf 88' lang='lat' dir='ltr'>divino</span> <span class='ocrx_word' id='word_1_44' title='bbox 422 1355 569 1426; x_wconf 89' lang='lat' dir='ltr'>numine</span> <span class='ocrx_word' id='word_1_45' title='bbox 602 1355 740 1428; x_wconf 86' lang='lat' dir='ltr'>afflatos</span> <span class='ocrx_word' id='word_1_46' title='bbox 774 1357 866 1428; x_wconf 82' lang='lat' dir='ltr'>dixit</span> <span class='ocrx_word' id='word_1_47' title='bbox 901 1358 999 1430; x_wconf 90' lang='lat' dir='ltr'>Plato</span> <span class='ocrx_word' id='word_1_48' title='bbox 1025 1355 1108 1454; x_wconf 84' lang='grc' dir='ltr'>(τῶν</span> <span class='ocrx_word' id='word_1_49' title='bbox 1141 1371 1280 1436; x_wconf 72' lang='grc' dir='ltr'>ποιητῶν</span> 
     </span>
     <span class='ocr_line' id='line_1_8' title="bbox 261 1482 1280 1580; baseline 0.007 -30"><span class='ocrx_word' id='word_1_50' title='bbox 261 1487 327 1552; x_wconf 80' lang='grc' dir='ltr'>ὅσοι</span> <span class='ocrx_word' id='word_1_51' title='bbox 349 1483 427 1552; x_wconf 75' lang='grc' dir='ltr'>θεῖοί</span> <span class='ocrx_word' id='word_1_52' title='bbox 444 1483 536 1571; x_wconf 81' lang='grc' dir='ltr'>εἰσιν,</span> <span class='ocrx_word' id='word_1_53' title='bbox 550 1483 679 1572; x_wconf 78' lang='lat' dir='ltr'>Meno,</span> <span class='ocrx_word' id='word_1_54' title='bbox 702 1482 742 1552; x_wconf 82' lang='lat' dir='ltr'>at</span> <span class='ocrx_word' id='word_1_55' title='bbox 760 1536 770 1571; x_wconf 89' lang='lat'>‚</span> <span class='ocrx_word' id='word_1_56' title='bbox 790 1482 849 1579; x_wconf 85' lang='lat' dir='ltr'>b)</span> <span class='ocrx_word' id='word_1_57' title='bbox 866 1484 901 1553; x_wconf 92' lang='lat' dir='ltr'>in</span> <span class='ocrx_word' id='word_1_58' title='bbox 921 1505 1109 1556; x_wconf 88' lang='lat' dir='ltr'>numerum</span> <span class='ocrx_word' id='word_1_59' title='bbox 1130 1485 1280 1580; x_wconf 83' lang='lat' dir='ltr'>repone·</span> 
     </span>
     <span class='ocr_line' id='line_1_9' title="bbox 262 1616 373 1676; baseline -0.009 -1"><span class='ocrx_word' id='word_1_60' title='bbox 262 1616 373 1676; x_wconf 81' lang='lat' dir='ltr'>retur.</span> 
     </span>
    </p>

    <p class='ocr_par' dir='ltr' id='par_1_2' title="bbox 258 1712 1369 3452">
     <span class='ocr_line' id='line_1_10' title="bbox 308 1712 1369 1825; baseline 0.01 -25"><span class='ocrx_word' id='word_1_61' title='bbox 308 1731 368 1801; x_wconf 88' lang='lat' dir='ltr'>Sin</span> <span class='ocrx_word' id='word_1_62' title='bbox 384 1740 503 1802; x_wconf 89' lang='lat' dir='ltr'>autem</span> <span class='ocrx_word' id='word_1_63' title='bbox 524 1732 569 1801; x_wconf 89' lang='lat' dir='ltr'>ab</span> <span class='ocrx_word' id='word_1_64' title='bbox 595 1752 638 1804; x_wconf 88' lang='lat' dir='ltr'>eo</span> <span class='ocrx_word' id='word_1_65' title='bbox 658 1732 790 1825; x_wconf 84' lang='lat' dir='ltr'>petitur</span> <span class='ocrx_word' id='word_1_66' title='bbox 818 1753 936 1804; x_wconf 89' lang='lat' dir='ltr'>rerum</span> <span class='ocrx_word' id='word_1_67' title='bbox 965 1733 1168 1805; x_wconf 88' lang='lat' dir='ltr'>divinarum</span> <span class='ocrx_word' id='word_1_68' title='bbox 1193 1748 1281 1810; x_wconf 82' lang='lat' dir='ltr'>certo</span> <span class='ocrx_word' id='word_1_69' title='bbox 1364 1712 1369 1719; x_wconf 41' lang='grc'><em>’</em></span> 
     </span>
     <span class='ocr_line' id='line_1_11' title="bbox 258 1855 1281 1953; baseline 0.006 -25"><span class='ocrx_word' id='word_1_70' title='bbox 258 1877 298 1928; x_wconf 86' lang='lat' dir='ltr'>oc</span> <span class='ocrx_word' id='word_1_71' title='bbox 316 1855 476 1951; x_wconf 81' lang='lat' dir='ltr'>descripta</span> <span class='ocrx_word' id='word_1_72' title='bbox 497 1861 605 1944; x_wconf 83' lang='lat' dir='ltr'>ratio,</span> <span class='ocrx_word' id='word_1_73' title='bbox 630 1879 758 1929; x_wconf 83' lang='lat' dir='ltr'>vereor</span> <span class='ocrx_word' id='word_1_74' title='bbox 776 1879 822 1928; x_wconf 90' lang='lat' dir='ltr'>ne</span> <span class='ocrx_word' id='word_1_75' title='bbox 837 1858 970 1953; x_wconf 87' lang='lat' dir='ltr'>saepius</span> <span class='ocrx_word' id='word_1_76' title='bbox 992 1860 1051 1930; x_wconf 94' lang='lat' dir='ltr'>ubi</span> <span class='ocrx_word' id='word_1_77' title='bbox 1069 1861 1156 1931; x_wconf 91' lang='lat' dir='ltr'>nibil</span> <span class='ocrx_word' id='word_1_78' title='bbox 1174 1862 1220 1932; x_wconf 91' lang='lat' dir='ltr'>ab</span> <span class='ocrx_word' id='word_1_79' title='bbox 1238 1883 1281 1934; x_wconf 85' lang='lat' dir='ltr'>eo</span> 
     </span>
     <span class='ocr_line' id='line_1_12' title="bbox 259 1983 1277 2078; baseline 0.003 -23"><span class='ocrx_word' id='word_1_80' title='bbox 259 2002 469 2077; x_wconf 84' lang='lat' dir='ltr'>expressum</span> <span class='ocrx_word' id='word_1_81' title='bbox 500 1983 567 2070; x_wconf 90' lang='lat' dir='ltr'>sit,</span> <span class='ocrx_word' id='word_1_82' title='bbox 603 1983 732 2055; x_wconf 82' lang='lat' dir='ltr'>trustra</span> <span class='ocrx_word' id='word_1_83' title='bbox 763 1984 879 2056; x_wconf 89' lang='lat' dir='ltr'>omnis</span> <span class='ocrx_word' id='word_1_84' title='bbox 915 1985 1129 2078; x_wconf 82' lang='lat' dir='ltr'>suscipiatur</span> <span class='ocrx_word' id='word_1_85' title='bbox 1161 1986 1277 2077; x_wconf 88' lang='lat' dir='ltr'>labor,</span> 
     </span>
     <span class='ocr_line' id='line_1_13' title="bbox 260 2107 1280 2206; baseline 0.006 -28"><span class='ocrx_word' id='word_1_86' title='bbox 260 2127 352 2180; x_wconf 85' lang='lat' dir='ltr'>nevo</span> <span class='ocrx_word' id='word_1_87' title='bbox 380 2107 457 2201; x_wconf 91' lang='lat' dir='ltr'>ipsa</span> <span class='ocrx_word' id='word_1_88' title='bbox 482 2108 560 2198; x_wconf 88' lang='lat' dir='ltr'>ejus</span> <span class='ocrx_word' id='word_1_89' title='bbox 590 2107 765 2198; x_wconf 88' lang='lat' dir='ltr'>sententia</span> <span class='ocrx_word' id='word_1_90' title='bbox 795 2118 1054 2203; x_wconf 85' lang='lat' dir='ltr'>corrumpatur.</span> <span class='ocrx_word' id='word_1_91' title='bbox 1091 2109 1280 2206; x_wconf 81' lang='lat' dir='ltr'>AEsobylus</span> 
     </span>
     <span class='ocr_line' id='line_1_14' title="bbox 261 2231 1282 2322; baseline 0.005 -19"><span class='ocrx_word' id='word_1_92' title='bbox 261 2232 356 2304; x_wconf 85' lang='lat' dir='ltr'>onim</span> <span class='ocrx_word' id='word_1_93' title='bbox 396 2231 602 2304; x_wconf 88' lang='lat' dir='ltr'>meditando</span> <span class='ocrx_word' id='word_1_94' title='bbox 640 2242 750 2303; x_wconf 84' lang='lat' dir='ltr'>artem</span> <span class='ocrx_word' id='word_1_95' title='bbox 786 2254 887 2304; x_wconf 91' lang='lat' dir='ltr'>suam</span> <span class='ocrx_word' id='word_1_96' title='bbox 924 2234 1167 2322; x_wconf 84' lang='lat' dir='ltr'>extundebat,</span> <span class='ocrx_word' id='word_1_97' title='bbox 1209 2257 1282 2308; x_wconf 93' lang='lat' dir='ltr'>non</span> 
     </span>
     <span class='ocr_line' id='line_1_15' title="bbox 265 2358 1281 2453; baseline 0.002 -25"><span class='ocrx_word' id='word_1_98' title='bbox 265 2358 448 2450; x_wconf 84' lang='lat' dir='ltr'>religionis</span> <span class='ocrx_word' id='word_1_99' title='bbox 478 2358 661 2429; x_wconf 81' lang='lat' dir='ltr'>scientiam</span> <span class='ocrx_word' id='word_1_100' title='bbox 696 2358 754 2428; x_wconf 86' lang='lat' dir='ltr'>vel</span> <span class='ocrx_word' id='word_1_101' title='bbox 794 2358 959 2429; x_wconf 89' lang='lat' dir='ltr'>traditam</span> <span class='ocrx_word' id='word_1_102' title='bbox 998 2372 1189 2453; x_wconf 84' lang='lat' dir='ltr'>exceperat</span> <span class='ocrx_word' id='word_1_103' title='bbox 1221 2361 1281 2432; x_wconf 83' lang='lat' dir='ltr'>vel</span> 
     </span>
     <span class='ocr_line' id='line_1_16' title="bbox 264 2481 1280 2578; baseline 0.002 -24"><span class='ocrx_word' id='word_1_104' title='bbox 264 2481 420 2575; x_wconf 87' lang='lat' dir='ltr'>aeqnales</span> <span class='ocrx_word' id='word_1_105' title='bbox 440 2481 539 2553; x_wconf 88' lang='lat' dir='ltr'>velut</span> <span class='ocrx_word' id='word_1_106' title='bbox 558 2481 751 2574; x_wconf 86' lang='lat' dir='ltr'>discipulos</span> <span class='ocrx_word' id='word_1_107' title='bbox 772 2482 942 2573; x_wconf 80' lang='lat' dir='ltr'>docebat3</span> <span class='ocrx_word' id='word_1_108' title='bbox 962 2503 1027 2554; x_wconf 84' lang='lat' dir='ltr'>neo</span> <span class='ocrx_word' id='word_1_109' title='bbox 1048 2484 1187 2578; x_wconf 85' lang='lat' dir='ltr'>tenuit,</span> <span class='ocrx_word' id='word_1_110' title='bbox 1213 2505 1280 2556; x_wconf 87' lang='lat' dir='ltr'>neo</span> 
     </span>
     <span class='ocr_line' id='line_1_17' title="bbox 266 2606 1283 2700; baseline 0 -22"><span class='ocrx_word' id='word_1_111' title='bbox 266 2606 472 2699; x_wconf 85' lang='lat' dir='ltr'>desperavit</span> <span class='ocrx_word' id='word_1_112' title='bbox 501 2606 561 2677; x_wconf 86' lang='lat' dir='ltr'>ille</span> <span class='ocrx_word' id='word_1_113' title='bbox 592 2627 733 2678; x_wconf 90' lang='lat' dir='ltr'>omnem</span> <span class='ocrx_word' id='word_1_114' title='bbox 767 2607 977 2696; x_wconf 84' lang='lat' dir='ltr'>veritatem3</span> <span class='ocrx_word' id='word_1_115' title='bbox 1017 2627 1135 2678; x_wconf 86' lang='lat' dir='ltr'>rerum</span> <span class='ocrx_word' id='word_1_116' title='bbox 1163 2607 1283 2700; x_wconf 90' lang='lat' dir='ltr'>potius</span> 
     </span>
     <span class='ocr_line' id='line_1_18' title="bbox 260 2729 1277 2825; baseline -0.003 -22"><span class='ocrx_word' id='word_1_117' title='bbox 260 2732 422 2825; x_wconf 88' lang='lat' dir='ltr'>opinator</span> <span class='ocrx_word' id='word_1_118' title='bbox 469 2740 505 2802; x_wconf 87' lang='lat' dir='ltr'>et</span> <span class='ocrx_word' id='word_1_119' title='bbox 549 2731 783 2823; x_wconf 83' lang='lat' dir='ltr'>investigator</span> <span class='ocrx_word' id='word_1_120' title='bbox 830 2731 897 2800; x_wconf 81' lang='lat' dir='ltr'>fuit</span> <span class='ocrx_word' id='word_1_121' title='bbox 927 2751 1033 2822; x_wconf 90' lang='lat' dir='ltr'>quarn</span> <span class='ocrx_word' id='word_1_122' title='bbox 1088 2729 1277 2822; x_wconf 83' lang='lat' dir='ltr'>magister3</span> 
     </span>
     <span class='ocr_line' id='line_1_19' title="bbox 265 2854 1283 2948; baseline 0.001 -21"><span class='ocrx_word' id='word_1_123' title='bbox 265 2867 300 2928; x_wconf 87' lang='lat' dir='ltr'>et</span> <span class='ocrx_word' id='word_1_124' title='bbox 331 2855 510 2948; x_wconf 85' lang='lat' dir='ltr'>Euripidis</span> <span class='ocrx_word' id='word_1_125' title='bbox 547 2864 663 2926; x_wconf 89' lang='lat' dir='ltr'>cetera</span> <span class='ocrx_word' id='word_1_126' title='bbox 695 2855 840 2926; x_wconf 93' lang='lat' dir='ltr'>omnino</span> <span class='ocrx_word' id='word_1_127' title='bbox 874 2854 1072 2945; x_wconf 88' lang='lat' dir='ltr'>dissimilis,</span> <span class='ocrx_word' id='word_1_128' title='bbox 1110 2876 1154 2929; x_wconf 87' lang='lat' dir='ltr'>eo</span> <span class='ocrx_word' id='word_1_129' title='bbox 1187 2865 1283 2928; x_wconf 82' lang='lat' dir='ltr'>certo</span> 
     </span>
     <span class='ocr_line' id='line_1_20' title="bbox 263 2978 1282 3074; baseline -0.004 -20"><span class='ocrx_word' id='word_1_130' title='bbox 263 3003 333 3054; x_wconf 92' lang='lat' dir='ltr'>non</span> <span class='ocrx_word' id='word_1_131' title='bbox 369 2989 423 3050; x_wconf 91' lang='lat' dir='ltr'>est</span> <span class='ocrx_word' id='word_1_132' title='bbox 452 2979 585 3074; x_wconf 87' lang='lat' dir='ltr'>dispar,</span> <span class='ocrx_word' id='word_1_133' title='bbox 619 2979 716 3073; x_wconf 92' lang='lat' dir='ltr'>quod</span> <span class='ocrx_word' id='word_1_134' title='bbox 752 2979 831 3074; x_wconf 89' lang='lat' dir='ltr'>plus</span> <span class='ocrx_word' id='word_1_135' title='bbox 870 2979 1038 3073; x_wconf 68' lang='lat' dir='ltr'>quaedvit</span> <span class='ocrx_word' id='word_1_136' title='bbox 1072 3000 1179 3074; x_wconf 92' lang='lat' dir='ltr'>quam</span> <span class='ocrx_word' id='word_1_137' title='bbox 1212 2978 1282 3052; x_wconf 88' lang='lat' dir='ltr'>sibi</span> 
     </span>
     <span class='ocr_line' id='line_1_21' title="bbox 262 3107 1283 3182; baseline 0 -4"><span class='ocrx_word' id='word_1_138' title='bbox 262 3110 443 3182; x_wconf 84' lang='lat' dir='ltr'>invenisse</span> <span class='ocrx_word' id='word_1_139' title='bbox 467 3109 567 3180; x_wconf 90' lang='lat' dir='ltr'>visus</span> <span class='ocrx_word' id='word_1_140' title='bbox 591 3119 658 3180; x_wconf 86' lang='lat' dir='ltr'>est.</span> <span class='ocrx_word' id='word_1_141' title='bbox 681 3149 728 3162; x_wconf 89' lang='lat'>--</span> <span class='ocrx_word' id='word_1_142' title='bbox 761 3107 834 3180; x_wconf 85' lang='lat' dir='ltr'>Neo</span> <span class='ocrx_word' id='word_1_143' title='bbox 859 3107 987 3180; x_wconf 90' lang='lat' dir='ltr'>mirum</span> <span class='ocrx_word' id='word_1_144' title='bbox 1011 3107 1041 3179; x_wconf 93' lang='lat' dir='ltr'>si</span> <span class='ocrx_word' id='word_1_145' title='bbox 1069 3109 1208 3181; x_wconf 87' lang='lat' dir='ltr'>nutavit</span> <span class='ocrx_word' id='word_1_146' title='bbox 1233 3109 1283 3179; x_wconf 87' lang='lat' dir='ltr'>ibi</span> 
     </span>
     <span class='ocr_line' id='line_1_22' title="bbox 263 3232 1283 3327; baseline 0.001 -24"><span class='ocrx_word' id='word_1_147' title='bbox 263 3233 442 3306; x_wconf 88' lang='lat' dir='ltr'>interdum</span> <span class='ocrx_word' id='word_1_148' title='bbox 467 3245 529 3304; x_wconf 93' lang='lat' dir='ltr'>aut</span> <span class='ocrx_word' id='word_1_149' title='bbox 554 3252 677 3327; x_wconf 92' lang='lat' dir='ltr'>parum</span> <span class='ocrx_word' id='word_1_150' title='bbox 705 3233 772 3304; x_wconf 90' lang='lat' dir='ltr'>sibi</span> <span class='ocrx_word' id='word_1_151' title='bbox 800 3234 958 3305; x_wconf 85' lang='lat' dir='ltr'>constitit</span> <span class='ocrx_word' id='word_1_152' title='bbox 987 3233 1159 3327; x_wconf 91' lang='lat' dir='ltr'>optimum</span> <span class='ocrx_word' id='word_1_153' title='bbox 1194 3232 1283 3304; x_wconf 88' lang='lat' dir='ltr'>illud</span> 
     </span>
     <span class='ocr_line' id='line_1_23' title="bbox 264 3358 1282 3452; baseline 0.002 -24"><span class='ocrx_word' id='word_1_154' title='bbox 264 3359 463 3452; x_wconf 80' lang='lat' dir='ltr'>ingenium,</span> <span class='ocrx_word' id='word_1_155' title='bbox 488 3381 599 3451; x_wconf 92' lang='lat' dir='ltr'>quum</span> <span class='ocrx_word' id='word_1_156' title='bbox 622 3359 923 3452; x_wconf 85' lang='lat' dir='ltr'>insuperabilibus</span> <span class='ocrx_word' id='word_1_157' title='bbox 943 3358 1047 3429; x_wconf 91' lang='lat' dir='ltr'>nodis</span> <span class='ocrx_word' id='word_1_158' title='bbox 1073 3358 1282 3452; x_wconf 86' lang='lat' dir='ltr'>impeditum</span> 
     </span>
    </p>
   </div>
   <div class='ocr_carea' id='block_1_2' title="bbox 262 3617 1286 3820">
    <p class='ocr_par' dir='ltr' id='par_1_3' title="bbox 262 3617 1286 3820">
     <span class='ocr_line' id='line_1_24' title="bbox 262 3617 1285 3725; baseline 0.003 -20"><span class='ocrx_word' id='word_1_159' title='bbox 262 3651 293 3705; x_wconf 88' lang='lat' dir='ltr'>in</span> <span class='ocrx_word' id='word_1_160' title='bbox 308 3649 475 3706; x_wconf 86' lang='lat' dir='ltr'>Promethei</span> <span class='ocrx_word' id='word_1_161' title='bbox 495 3651 628 3723; x_wconf 84' lang='lat' dir='ltr'>partibus</span> <span class='ocrx_word' id='word_1_162' title='bbox 643 3649 802 3721; x_wconf 87' lang='lat' dir='ltr'>deperditis</span> <span class='ocrx_word' id='word_1_163' title='bbox 817 3647 865 3720; x_wconf 87' lang='lat' dir='ltr'>(V.</span> <span class='ocrx_word' id='word_1_164' title='bbox 883 3647 1008 3720; x_wconf 62' lang='lat' dir='ltr'>Haym„</span> <span class='ocrx_word' id='word_1_165' title='bbox 1024 3649 1043 3703; x_wconf 85' lang='grc' dir='ltr'>Ι.</span> <span class='ocrx_word' id='word_1_166' title='bbox 1058 3649 1097 3715; x_wconf 80' lang='lat' dir='ltr'>l..</span> <span class='ocrx_word' id='word_1_167' title='bbox 1114 3668 1142 3723; x_wconf 93' lang='lat' dir='ltr'>p.</span> <span class='ocrx_word' id='word_1_168' title='bbox 1160 3650 1217 3720; x_wconf 77' lang='lat' dir='ltr'>tt),</span> <span class='ocrx_word' id='word_1_169' title='bbox 1233 3617 1285 3725; x_wconf 85' lang='lat' dir='ltr'>qui</span> 
     </span>
     <span class='ocr_line' id='line_1_25' title="bbox 262 3743 1286 3820; baseline 0.004 -17"><span class='ocrx_word' id='word_1_170' title='bbox 262 3747 380 3820; x_wconf 86' lang='lat' dir='ltr'>quidem</span> <span class='ocrx_word' id='word_1_171' title='bbox 403 3747 460 3803; x_wconf 88' lang='lat' dir='ltr'>fuit</span> <span class='ocrx_word' id='word_1_172' title='bbox 480 3746 510 3802; x_wconf 91' lang='lat' dir='ltr'>in</span> <span class='ocrx_word' id='word_1_173' title='bbox 534 3747 623 3802; x_wconf 90' lang='lat' dir='ltr'>unius</span> <span class='ocrx_word' id='word_1_174' title='bbox 642 3746 774 3818; x_wconf 83' lang='lat' dir='ltr'>AEsobyli</span> <span class='ocrx_word' id='word_1_175' title='bbox 794 3745 901 3801; x_wconf 85' lang='lat' dir='ltr'>fabulis</span> <span class='ocrx_word' id='word_1_176' title='bbox 923 3743 1062 3802; x_wconf 84' lang='lat' dir='ltr'>inductus</span> <span class='ocrx_word' id='word_1_177' title='bbox 1085 3747 1144 3814; x_wconf 79' lang='lat' dir='ltr'>(of.</span> <span class='ocrx_word' id='word_1_178' title='bbox 1167 3749 1197 3805; x_wconf 93' lang='lat' dir='ltr'>in</span> <span class='ocrx_word' id='word_1_179' title='bbox 1216 3747 1286 3808; x_wconf 83' lang='lat' dir='ltr'>Vita</span> 
     </span>
    </p>
   </div>
   <div class='ocr_carea' id='block_1_3' title="bbox 262 3842 1289 4300">
    <p class='ocr_par' dir='ltr' id='par_1_4' title="bbox 262 3842 1289 4203">
     <span class='ocr_line' id='line_1_26' title="bbox 263 3842 1289 3920; baseline -0.004 -16"><span class='ocrx_word' id='word_1_180' title='bbox 263 3845 394 3919; x_wconf 81' lang='lat' dir='ltr'>AEschyli</span> <span class='ocrx_word' id='word_1_181' title='bbox 413 3853 542 3902; x_wconf 81' lang='lat' dir='ltr'>extrema</span> <span class='ocrx_word' id='word_1_182' title='bbox 564 3843 718 3920; x_wconf 84' lang='lat' dir='ltr'>[Dindorf.,</span> <span class='ocrx_word' id='word_1_183' title='bbox 736 3848 757 3899; x_wconf 80' lang='lat' dir='ltr'>t.</span> <span class='ocrx_word' id='word_1_184' title='bbox 775 3842 835 3911; x_wconf 83' lang='lat' dir='ltr'>III,</span> <span class='ocrx_word' id='word_1_185' title='bbox 852 3860 882 3916; x_wconf 88' lang='lat' dir='ltr'>p.</span> <span class='ocrx_word' id='word_1_186' title='bbox 903 3843 948 3914; x_wconf 79' lang='grc'>81,</span> <span class='ocrx_word' id='word_1_187' title='bbox 966 3847 1009 3900; x_wconf 79' lang='grc' dir='ltr'>καί</span> <span class='ocrx_word' id='word_1_188' title='bbox 1022 3865 1085 3908; x_wconf 84' lang='grc' dir='ltr'>τινες</span> <span class='ocrx_word' id='word_1_189' title='bbox 1099 3850 1146 3911; x_wconf 76' lang='grc' dir='ltr'>ἤδη</span> <span class='ocrx_word' id='word_1_190' title='bbox 1160 3854 1209 3899; x_wconf 81' lang='grc' dir='ltr'>τῶν</span> <span class='ocrx_word' id='word_1_191' title='bbox 1227 3866 1289 3914; x_wconf 79' lang='grc' dir='ltr'><strong>τροι-</strong></span> 
     </span>
     <span class='ocr_line' id='line_1_27' title="bbox 264 3939 1286 4010; baseline -0.009 -14"><span class='ocrx_word' id='word_1_192' title='bbox 264 3945 361 4008; x_wconf 82' lang='grc' dir='ltr'>γωδιῶν</span> <span class='ocrx_word' id='word_1_193' title='bbox 376 3944 444 4010; x_wconf 51' lang='grc' dir='ltr'>αὐτῷ</span> <span class='ocrx_word' id='word_1_194' title='bbox 457 3943 499 3994; x_wconf 82' lang='grc' dir='ltr'>διὰ</span> <span class='ocrx_word' id='word_1_195' title='bbox 513 3944 595 4008; x_wconf 82' lang='grc' dir='ltr'>μόνων</span> <span class='ocrx_word' id='word_1_196' title='bbox 609 3943 799 4006; x_wconf 78' lang='grc' dir='ltr'>οἰκονομοῦνται</span> <span class='ocrx_word' id='word_1_197' title='bbox 816 3941 894 3998; x_wconf 77' lang='grc' dir='ltr'><strong>θεῶν.</strong></span> <span class='ocrx_word' id='word_1_198' title='bbox 908 3941 1018 4008; x_wconf 80' lang='grc' dir='ltr'>καθάπερ</span> <span class='ocrx_word' id='word_1_199' title='bbox 1036 3940 1060 3990; x_wconf 82' lang='lat' dir='ltr'>ot</span> <span class='ocrx_word' id='word_1_200' title='bbox 1074 3939 1238 4008; x_wconf 80' lang='grc' dir='ltr'><strong>Προμηθεῑς);</strong></span> <span class='ocrx_word' id='word_1_201' title='bbox 1255 3963 1286 3976; x_wconf 89' lang='grc'>-</span> 
     </span>
     <span class='ocr_line' id='line_1_28' title="bbox 263 4026 1288 4107; baseline -0.007 -19"><span class='ocrx_word' id='word_1_202' title='bbox 263 4039 292 4090; x_wconf 89' lang='lat' dir='ltr'>et</span> <span class='ocrx_word' id='word_1_203' title='bbox 301 4035 472 4107; x_wconf 72' lang='lat' dir='ltr'>aphroditen</span> <span class='ocrx_word' id='word_1_204' title='bbox 486 4033 517 4089; x_wconf 89' lang='lat' dir='ltr'>in</span> <span class='ocrx_word' id='word_1_205' title='bbox 531 4030 791 4099; x_wconf 78' lang='lat' dir='ltr'>Danaide,1&#39;r.108.</span> <span class='ocrx_word' id='word_1_206' title='bbox 806 4060 842 4074; x_wconf 89' lang='lat'>-</span> <span class='ocrx_word' id='word_1_207' title='bbox 854 4029 891 4086; x_wconf 88' lang='lat' dir='ltr'>In</span> <span class='ocrx_word' id='word_1_208' title='bbox 903 4030 1042 4088; x_wconf 82' lang='lat' dir='ltr'>Thressis</span> <span class='ocrx_word' id='word_1_209' title='bbox 1056 4026 1288 4095; x_wconf 76' lang='lat' dir='ltr'>autem,fr.155,</span> 
     </span>
     <span class='ocr_line' id='line_1_29' title="bbox 262 4108 1106 4203; baseline -0.007 -16"><span class='ocrx_word' id='word_1_210' title='bbox 262 4129 329 4187; x_wconf 66' lang='lat' dir='ltr'>aas</span> <span class='ocrx_word' id='word_1_211' title='bbox 341 4129 429 4203; x_wconf 68' lang='lat' dir='ltr'>maa</span> <span class='ocrx_word' id='word_1_212' title='bbox 446 4115 577 4187; x_wconf 77' lang='lat' dir='ltr'>ostenda</span> <span class='ocrx_word' id='word_1_213' title='bbox 590 4145 649 4202; x_wconf 79' lang='lat' dir='ltr'>quo</span> <span class='ocrx_word' id='word_1_214' title='bbox 662 4127 728 4187; x_wconf 81' lang='lat'>1000</span> <span class='ocrx_word' id='word_1_215' title='bbox 742 4127 887 4202; x_wconf 71' lang='lat' dir='ltr'>segiano</span> <span class='ocrx_word' id='word_1_216' title='bbox 901 4127 989 4186; x_wconf 76' lang='lat' dir='ltr'>terne</span> <span class='ocrx_word' id='word_1_217' title='bbox 1001 4108 1106 4200; x_wconf 60' lang='lat' dir='ltr'>possit</span> 
     </span>
    </p>

    <p class='ocr_par' dir='ltr' id='par_1_5' title="bbox 303 4211 1107 4300">
     <span class='ocr_line' id='line_1_30' title="bbox 303 4211 1107 4300; baseline -0.002 -18"><span class='ocrx_word' id='word_1_218' title='bbox 303 4227 340 4297; x_wconf 75' lang='lat' dir='ltr'>a)</span> <span class='ocrx_word' id='word_1_219' title='bbox 357 4225 629 4300; x_wconf 58' lang='lat' dir='ltr'>vrassanum).</span> <span class='ocrx_word' id='word_1_220' title='bbox 647 4227 691 4284; x_wconf 80' lang='lat' dir='ltr'>st.</span> <span class='ocrx_word' id='word_1_221' title='bbox 728 4211 758 4266; x_wconf 86' lang='lat'>.·</span> <span class='ocrx_word' id='word_1_222' title='bbox 840 4253 848 4270; x_wconf 71' lang='lat'><strong>‹</strong></span> <span class='ocrx_word' id='word_1_223' title='bbox 883 4256 889 4270; x_wconf 84' lang='lat'><em>-</em></span> <span class='ocrx_word' id='word_1_224' title='bbox 1105 4227 1107 4236; x_wconf 67' lang='grc'>’</span> 
     </span>
    </p>
   </div>
   <div class='ocr_carea' id='block_1_4' title="bbox 0 0 1639 5120">
    <p class='ocr_par' dir='ltr' id='par_1_6' title="bbox 0 0 1639 5120">
     <span class='ocr_line' id='line_1_31' title="bbox 0 0 1639 5120; baseline 0 0"><span class='ocrx_word' id='word_1_225' title='bbox 0 0 1639 5120; x_wconf 95' lang='lat' dir='ltr'> </span> 
     </span>
    </p>
   </div>
  </div>
 </body>
</html>
