3254 5112
674 503 834 566 ..97-

240 649 370 719 audire
385 647 548 740 juvabat,
570 645 655 740 quid
674 657 823 738 uterque
842 645 898 715 sui
921 646 1045 739 capitis
1064 665 1169 717 causa
1184 645 1258 718 dic·

243 774 316 844 tori
346 783 485 860 essent;
515 775 607 867 μέγας
631 770 688 866 γὰρ
713 774 793 866 ἁγών
819 767 962 864 (toto).
988 770 1064 842 Huc
1089 771 1258 842 tendebat

239 919 303 969 ars
322 907 447 992 poeta3
469 895 536 966 hoc
564 895 594 965 si
620 895 733 989 placat
751 894 915 982 attende3
938 894 997 965 iiia
1017 917 1104 966 vero
1123 895 1254 967 instru-

247 1033 363 1092 menta
383 1030 419 1092 et
444 1031 609 1113 tanquam
635 1021 768 1115 πάρεργα
792 1019 940 1091 aetionis
959 1020 1058 1091 velut
1084 1021 1179 1113 ipse,
1205 1020 1257 1092 sie

247 1123 311 1217 nos
326 1144 560 1236 negligamus.
581 1185 625 1196 -
642 1143 679 1213 ln
698 1143 815 1214 fabula
831 1164 918 1215 vero
935 1145 1255 1235 cujusargumento

243 1268 380 1339 tollitur
399 1267 514 1338 omnis
530 1265 761 1337 divinationis
777 1266 882 1352 fama,
900 1264 940 1336 fit
959 1266 1131 1358 insignior
1148 1267 1257 1338 Theo·

247 1413 333 1464 noes
354 1391 541 1485 exceptio,
562 1402 598 1461 et
615 1401 737 1462 riotatu
757 1390 863 1482 digna
889 1411 930 1462 ea
950 1401 1004 1461 est
1028 1391 1162 1484 opinio,
1186 1411 1256 1485 qua

241 1537 363 1588 rerum
384 1515 585 1587 divinarum
603 1513 801 1607 prudentiae
810 1515 947 1605 justitia
966 1516 1255 1606 conjunctissima

242 1639 409 1729 habetur,
439 1651 474 1710 et
507 1651 624 1711 vatem
656 1660 760 1732 posse
793 1639 989 1732 denegatur
1014 1640 1132 1711 omnia
1149 1639 1253 1733 scire,

245 1766 411 1836 virtutem
443 1766 607 1857 ignorare
632 1764 756 1857 (itta,
779 1763 850 1834 919
877 1779 912 1836 et
937 1763 997 1858 s).
1026 1765 1156 1836 Tamen
1178 1764 1255 1858 piu-

241 1890 372 1960 -rimnm
396 1889 564 1983 ponderis
589 1889 722 1961 hahent
746 1889 840 1960 iilius
871 1911 1059 1984 responsa,
1090 1911 1159 1961 non
1184 1900 1255 1959 tam

241 2014 329 2108 quia
362 2035 447 2087 vara
484 2027 584 2102 sunt,
621 2036 726 2109 quam
768 2016 850 2107 quia
890 2016 1086 2108 praecipuas
1132 2032 1254 2107 perso·

244 2160 329 2228 nae,
363 2140 392 2210 si
419 2121 659 2232 aperiuntur(
674 2140 752 2212 sine
777 2140 887 2211 dubio
914 2139 1062 2233 perdere
1087 2149 1253 2233 possunt,

244 2277 280 2335 et
310 2263 346 2334 id
384 2263 629 2358 potissimum,
673 2263 769 2357 quod
815 2285 886 2334 non
929 2262 1159 2335 divinationis
1201 2271 1256 2332 est

243 2388 307 2459 sed
335 2385 508 2476 actionis,
530 2396 770 2482 exspectatur,
798 2389 1031 2481 eloquaturne
1058 2387 1118 2457 iiia
1142 2406 1186 2454 au
1210 2384 1257 2454 si-

241 2512 326 2584 leat.

292 2637 330 2708 ln
351 2639 530 2712 Phoeuissit
555 2638 735 2710 inducitur
757 2641 917 2727 Tiresias,
945 2649 984 2708 ot
1002 2637 1049 2708 sit
1068 2655 1174 2706 causa
1193 2655 1256 2704 our

238 2765 443 2838 Menoeceus
458 2789 497 2837 se
514 2767 707 2838 devoveat.
720 2767 755 2836 Si
768 2768 812 2838 ad
829 2780 945 2838 vatem
962 2769 1076 2861 ipsum
1094 2763 1254 2857 respicis

241 2909 368 2983 parum
388 2899 442 2961 est
461 2890 498 2960 in
515 2911 558 2962 eo
575 2893 807 2979 auctoritatis,
830 2891 972 2962 maiitiae
992 2913 1062 2962 non
1078 2889 1179 2960 nihii.
1200 2886 1255 2957 Si-

240 3013 388 3084 lentium
409 3013 502 3084 enim
520 3014 617 3107 quod
638 3016 673 3084 in
691 3015 827 3109 OEdipo
847 3027 997 3110 tyranno
1016 3037 1138 3088 verum
1160 3011 1257 3082 vide·

241 3142 369 3231 batur,
406 3143 464 3213 hic
497 3143 543 3215 de
577 3144 749 3215 industria
780 3147 1012 3239 compositum
1050 3142 1252 3237 suspicaris.

241 3265 346 3339 Tacat
367 3266 444 3356 ille,
476 3267 540 3338 sed
568 3290 606 3339 se
625 3271 721 3363 cupit
747 3270 955 3362 interrogari
981 3268 1057 3364 (i);
1084 3279 1119 3338 et
1145 3285 1255 3358 quum
1347 3276 1349 3281 '

241 3392 287 3462 ad
303 3392 591 3486 respondendum
605 3415 677 3466 non
693 3395 758 3483 ira,
770 3395 834 3466 sed
849 3395 962 3489 prima
978 3391 1136 3485 qualibet
1152 3406 1255 3482 prece
1282 3374 1284 3380 ’

242 3515 461 3611 adducitur,
490 3518 633 3589 videtur
659 3521 837 3612 proiecto,
860 3521 1007 3590 deorum
1032 3518 1143 3587 instar
1166 3533 1255 3607 quos

243 3640 494 3733 interpretatur
510 3637 641 3738 (871),
659 3641 792 3714 habere
816 3643 892 3736 ipse
915 3645 1050 3736 σόφισμα
1075 3638 1254 3734 quoddam

239 3783 360 3834 suum.
382 3763 485 3836 Saeva
505 3753 621 3836 autem
643 3777 678 3837 et
694 3767 817 3839 odiosa
838 3737 1001 3861 imperat,
1023 3765 1157 3838 scilicet
1174 3761 1256 3855 ejici

245 3896 339 3959 terra
352 3887 526 3985 OEdipnm
543 3912 663 3963 senem
674 3889 781 3980 (1590
797 3903 832 3964 et
848 3890 949 3989 886),
959 3893 1136 3965 Menoecea
1149 3891 1256 3981 juve·

278 4146 314 4220 111
337 4146 412 4207 Vide
425 4151 580 4225 precipue,
597 4167 624 4206 v.
641 4150 703 4221 885,
719 4151 781 4219 890,
798 4151 860 4219 891,
877 4151 930 4210 899
944 4158 973 4208 et
987 4167 1011 4208 s.
