3250 5120
576 559 579 564 .
700 503 860 566 -23-
926 516 930 524 ’

271 667 369 719 oram
391 655 467 716 erat
490 643 676 732 translata,
698 642 838 736 longius
858 643 962 717 etiam
982 665 1023 716 ac
1047 668 1151 740 paene
1171 669 1285 742 usque

239 825 241 827 -
274 770 320 841 ad
340 769 533 840 inferorum
551 767 731 859 regionem
749 788 946 855 removere,
965 789 1005 839 ac
1024 781 1198 864 praecepta
1214 772 1287 863 jus·
1329 741 1335 754 ⁸

275 894 361 966 titiae
378 915 419 966 ac
436 893 577 988 pietatis
595 890 726 984 quibus
744 900 814 962 tota
834 891 953 963 fabula
973 893 1108 982 nititur,
1129 895 1286 968 defuncti

275 1019 369 1111 regis
388 1039 451 1091 ore
470 1017 732 1089 commendare.
749 1015 841 1108 Ergo
861 1039 931 1088 non
950 1039 1057 1110 quam
1076 1041 1172 1114 saepe
1187 1020 1286 1105 visus

275 1155 348 1233 est,
377 1152 447 1213 tam
480 1163 518 1212 re
550 1141 757 1212 temerarius
791 1141 858 1211 fuit
889 1141 983 1213 idem
1008 1153 1133 1214 auctor
1162 1117 1186 1214 'a
1215 1166 1288 1236 quo

275 1289 390 1361 nuper
406 1266 619 1355 defecimus,
638 1287 744 1358 quem
762 1288 856 1337 nunc
872 1276 1053 1339 auctorem
1069 1267 1220 1341 libenter
1232 1290 1288 1340 se-

275 1387 623 1486 quamur(d),qnum
640 1389 1033 1462 aestimarethacscaena
1045 1378 1171 1462 verum
1183 1390 1287 1464 finem

277 1518 484 1609 exitumque
503 1515 652 1587 actionis
672 1515 866 1609 perfectum
882 1537 979 1603 esse;
992 1538 1074 1611 quae
1092 1528 1290 1612 sequuntur

277 1660 348 1712 non
373 1640 444 1712 aiio
468 1639 574 1711 modo
597 1639 718 1710 addita
746 1661 825 1711 esse
851 1640 918 1711 nisi
943 1651 981 1711 ut
1007 1640 1109 1713 dolor
1130 1641 1287 1736 primum

275 1765 338 1856 qui
365 1763 470 1836 Dario
496 1773 670 1856 praesente
699 1765 945 1846 coercebatur,
974 1765 1104 1837 Xerxis
1129 1765 1288 1837 adventu

278 1889 324 1960 ad
353 1889 485 1980 largius
518 1887 775 1982 erumpendum
808 1900 1083 1983 provocaretur3
1119 1901 1290 1984 praeterea

276 2011 452 2116 quidquid
471 2012 600 2084 animis
624 2011 728 2106 plane
747 2022 950 2106 perceptum
980 2021 1096 2099 esset,
1125 2012 1289 2083 sensibus

281 2139 387 2210 etiam
406 2149 513 2232 atque
530 2138 642 2210 oculis
660 2148 891 2210 monstratum
910 2138 1173 2227 obversaretur.
1252 2137 1255 2144 '
1291 2227 1294 2231 .

325 2261 431 2345 'Quod
452 2262 482 2333 si
495 2284 710 2356 pesonarum
725 2261 886 2334 ordinem
904 2272 1010 2355 atque
1031 2261 1187 2333 indolem
1210 2261 1287 2333 aui-

280 2387 498 2474 madvertes‚
520 2387 620 2458 factis
636 2386 780 2480 quidem
802 2387 1002 2481 studiisque
1020 2398 1055 2460 et
1072 2388 1293 2470 doloreoon·

282 2512 414 2584 sentire
441 2532 501 2583 eas
521 2511 661 2582 videbis
681 2523 717 2583 et
735 2533 881 2601 omnes,
908 2539 926 2581 u
953 2513 1048 2606 quod
1075 2513 1219 2606 quidem
1247 2513 1293 2582 ad

277 2635 613 2724 actionem'attinet,
644 2637 751 2708 unius
775 2657 937 2730 personae
962 2636 1040 2707 loco
1060 2657 1138 2706 esse
1157 2633 1236 2730 (2);
1274 2661 1290 2702 n

251 2771 399 2834 -tameu
434 2761 471 2832 vi
499 2781 541 2832 ac
571 2760 759 2855 prudentia
781 2761 936 2849 gmentis,
969 2761 1055 2832 vitae
1085 2761 1294 2832 inconcussa

254 2951 257 2960 .
283 2887 454 2980 dignitate
472 2895 507 2958 et
523 2907 673 2958 summae
690 2885 805 2957 laudis
826 2885 1009 2974 memoria,
1027 2885 1181 2980 denique
1198 2887 1294 2958 omni

284 3011 420 3104 fulgore
452 3032 518 3082 suo
552 3031 675 3084 omnes
708 3030 935 3105 praegravare
962 3011 1129 3096 Darium,
1158 3010 1296 3104 imperii

283 3137 518 3224 conditorem,
542 3134 688 3207 deorum
707 3139 949 3230 interpretem,
969 3134 1028 3206 dei
1049 3146 1088 3205 nt
1105 3135 1296 3228 spectanti-

283 3262 350 3333 bus
373 3261 516 3333 videtur
537 3262 754 3332 simillimum
775 3260 889 3357 (635),
911 3283 1035 3333 verum
1055 3260 1170 3340 Persis
1190 3260 1294 3331 deum

286 3388 386 3486 (620,
403 3387 489 3479 611,
507 3387 612 3486 611);
631 3389 725 3461 6666
745 3388 821 3461 fieri
843 3390 955 3484 potuit
969 3400 1009 3459 ut
1024 3399 1146 3460 contra
1163 3409 1297 3459 morem

285 3515 489 3586 umbrarum
520 3514 579 3585 illa
616 3515 769 3587 maxima
799 3514 858 3584 uel
890 3514 966 3585 sola
994 3513 1156 3585 oratione
1179 3524 1298 3605 ageret

285 3641 443 3711 omnium
463 3640 634 3711 maxime.

335 3764 438 3850 Quod
456 3765 486 3837 si
504 3787 574 3838 non
591 3766 605 3857 j
611 3764 728 3837 udicio
746 3775 870 3836 nostro
882 3764 1039 3836 contenti
1050 3763 1299 3836 Atheniensium

328 4045 362 4118 (1)
381 4045 546 4112 Hermann,
561 4045 580 4101 l.
596 4045 616 4100 l.

325 4143 361 4213 11)
377 4143 543 4212 Hermann,
559 4145 579 4202 1.
595 4145 626 4212 1.,
642 4161 670 4218 p.
688 4145 731 4203 93.
