3250 5120
516 602 518 606 .
636 558 795 623 43...

210 703 313 775 dulce
337 698 394 796 (l)
421 711 475 771 est
507 698 706 792 praevidere
732 699 850 767 lutura
876 719 957 790 quae
979 718 1102 768 secura
1126 720 1216 770 voce

207 828 353 898 iambicis
371 823 587 920 pronuntiat.
610 821 708 892 Mens
733 823 810 913 ejus
836 822 950 914 spatio
979 822 1097 910 nullo,
1120 823 1217 895 nullo

208 963 397 1045 tempore,
444 948 541 1019 nulla
589 946 778 1038 cujuslibet
821 947 961 1039 generis
1009 946 1217 1019 difficultate

207 1086 400 1148 coercetur.
428 1072 514 1156 Quae
552 1071 733 1166 praesentit
765 1070 932 1161 meliora,
964 1071 1084 1143 studet
1117 1093 1218 1142 exse-

207 1200 286 1293 qui;
312 1219 392 1291 quae
419 1195 636 1290 periculosa,
663 1204 772 1267 arcet.
810 1192 960 1266 Animus
993 1217 1065 1266 non
1102 1196 1218 1266 minus

206 1343 288 1393 acer
320 1342 426 1414 quam
462 1319 613 1414 simplex
639 1319 683 1389 ad
719 1319 883 1392 ellectum
920 1331 1054 1414 spectat
1080 1329 1116 1390 et
1138 1341 1216 1414 per·

206 1449 270 1540 git.
306 1444 504 1518 Mortalium
550 1445 687 1514 ruinam
730 1445 775 1515 ab
821 1446 909 1516 Jove
945 1446 1018 1537 J'am
1060 1455 1218 1539 paratam

205 1592 314 1664 quum
344 1570 454 1656 vidit,
486 1579 559 1640 tum
587 1569 760 1662 impediit.
788 1569 914 1662 Magna
934 1591 1041 1664 opera
1069 1571 1213 1664 incipit,

205 1705 326 1787 urget,
351 1695 594 1788 persequitur,
625 1703 661 1764 et
686 1694 717 1763 si
743 1695 830 1787 quid
851 1695 940 1767 sorte
963 1695 1099 1782 obstat,
1122 1705 1216 1767 totus

204 1814 327 1890 contra
347 1819 509 1911 erigitur.
528 1819 600 1889 Nec
621 1819 749 1889 futuris
766 1819 874 1890 rebus
892 1821 1129 1906 solummodo,
1151 1819 1215 1890 sed

200 1945 347 2037 justitiae
367 1943 557 2031 incumbit,
581 1965 695 2036 neque
716 1944 788 2016 ullo
808 1945 934 2037 pretio,
953 1945 1024 2015 ulla
1045 1965 1148 2038 poena
1168 1943 1214 2013 ab

204 2070 263 2141 illa
279 2092 318 2141 se
337 2071 449 2141 averti
467 2071 610 2164 patitur.
630 2071 700 2142 Nec
721 2069 882 2156 homines
902 2080 1036 2140 tantum
1058 2069 1213 2140 muneri-

202 2196 270 2267 bus
286 2195 500 2286 cumulavit,
513 2196 961 2290 cossummopericulosuo
977 2195 1146 2267 servavit.
1167 2235 1212 2248 -

202 2321 254 2392 Sit
274 2343 362 2393 vero
381 2321 568 2414 quantavis
588 2342 629 2392 ea
652 2321 857 2410 diversitas,
880 2322 991 2412 major
1016 2332 1133 2390 tamon
1160 2319 1228 2391 est

201 2445 396 2534 similitudo,
417 2445 545 2538 deique
564 2445 670 2538 hujus
691 2446 854 2538 praesenti
882 2447 955 2517 fato
980 2445 1110 2515 factum
1136 2451 1210 2534 est,

203 2580 242 2638 ut
258 2568 313 2640 vis
333 2569 517 2640 divinandi
538 2589 623 2640 saue
641 2591 710 2641 non
731 2579 838 2641 totam
855 2570 931 2660 ejus
948 2568 1124 2657 indolem,
1148 2566 1212 2638 sed

202 2715 364 2786 magnam
386 2703 519 2788 partem
540 2695 749 2766 contineret.
769 2694 927 2764 Facultas
948 2693 1007 2763 illa
1030 2693 1155 2785 ingens
1176 2699 1211 2762 et

203 2817 425 2911 excogitandi
450 2828 485 2889 et
509 2819 750 2911 exsequendi,
770 2840 849 2910 quae
872 2839 984 2911 nuper
1010 2817 1210 2889 mortalium

201 2953 321 3012 vatum
342 2943 595 3036 comparationi
613 2943 767 3034 maxime
788 2943 1028 3035 repugnabat,
1057 2943 1093 3012 iu
1120 2965 1210 3036 praeu

200 3087 282 3137 sens
305 3067 419 3138 omnis
446 3066 590 3139 tollitur.
618 3066 707 3137 Huic
732 3067 825 3138 euim
854 3068 982 3139 fabulae
1007 3089 1077 3140 non
1104 3069 1210 3139 modo
1278 3148 1280 3154 ,

201 3190 267 3262 loci
292 3200 327 3262 et
351 3191 518 3285 temporis
544 3193 791 3280 mutationem,
820 3192 882 3263 sed
905 3201 1037 3264 motum
1059 3193 1209 3285 quemli-

199 3315 260 3385 bet
276 3315 424 3388 actionis
450 3315 527 3409 ipso
553 3323 762 3407 argumento
789 3316 914 3388 deesse
938 3319 1111 3411 oportuit,
1145 3339 1210 3387 nec

200 3439 425 3528 Prometheo,
442 3440 775 3534 praeterlibertatem
792 3441 901 3511 animi
913 3463 993 3533 qnae
1009 3441 1123 3533 abripi
1139 3461 1209 3511 non

201 3566 326 3657 potnit,
349 3563 419 3634 ulla
436 3565 505 3635 alia
528 3577 582 3635 est
606 3566 739 3636 relicta.
761 3565 855 3635 Saxo
875 3564 1018 3656 quidem
1039 3564 1208 3656 religatus

236 3820 274 3894 (l)
291 3819 336 3875 Ne
352 3821 423 3875 tanti
444 3818 533 3874 facias
551 3835 644 3892 pauca
664 3821 710 3874 illa
734 3837 799 3890 quae
821 3821 851 3874 in
874 3821 1015 3893 prudente
1038 3823 1206 3893 impruden·
1274 3888 1277 3894 Δ

199 3919 269 3972 tiam
284 3917 357 3986 (268)
372 3917 497 3989 aliquam
512 3923 648 3988 arguunt,
663 3919 693 3972 in
708 3917 850 3991 intrepido
865 3925 975 3975 metum
990 3919 1073 3994 (lat),
1091 3920 1121 3976 in
1136 3937 1207 3976 oon-

198 4013 304 4071 lidentc
317 4016 411 4072 levem
424 4016 512 4072 animi
522 4017 737 4072 inclinationem
753 4017 814 4088 (136
828 4019 877 4087 s).
893 4017 958 4074 Non
970 4021 1060 4075 naevis
1072 4027 1131 4076 tota
1140 4039 1206 4077 cor-

199 4115 279 4185 poris
294 4113 406 4170 indoles
420 4121 558 4172 mutntur.
571 4115 615 4171 Ea
629 4122 697 4172 sunt
712 4116 818 4188 quibus
833 4117 917 4173 nobis
931 4118 1053 4174 similior
1066 4119 1107 4182 fit,
1122 4121 1206 4174 uobis

198 4211 388 4278 miserabilis;
405 4213 490 4268 ferrei
505 4229 562 4268 non
578 4229 631 4268 nos
646 4215 791 4272 misereat.
820 4252 825 4262 ι
