3250 5120
813 481 971 546 ..24-

384 614 595 686 seutentiam
615 614 878 705 desideramus,
897 617 1134 692 celeberrimo
1150 616 1398 715 Aristophanis

383 760 492 812 versu
511 738 615 837 (Rau.
647 738 757 836 4028)
781 765 790 810 t
812 742 922 838 ἐχάρην
948 753 1019 838 γοῦν
1043 745 1136 824 ἡνίκα
1159 752 1235 834 κτλ,
1263 754 1299 816 ei
1323 744 1398 818 vitu

384 861 541 959 AEsohyli
562 864 677 957 qualis
692 875 747 936 est
766 866 802 935 in
821 865 908 938 ΜΕ.
920 864 1101 938 Oxoniens
1116 864 1238 962 (Dind.
1252 868 1296 938 111
1307 891 1344 963 p.
1356 867 1395 964 6,

383 993 441 1064 τὴν
459 988 527 1082 ὄψιν
540 1000 603 1060 τῶν
621 993 774 1085 θεωμένων
793 987 968 1087 καγέπληὶε
986 1031 1034 1046 -
1051 987 1204 1087 εἰδώλοις)
1222 993 1399 1066 evincitur

382 1121 524 1186 veteres
540 1114 728 1188 adnotasse
746 1124 781 1185 et
802 1136 909 1208 quam
929 1115 1022 1188 felici
1038 1116 1190 1188 audaeia
1209 1117 1397 1213 AEsohyiuis

383 1237 520 1309 umbris
538 1238 748 1312 inducendis
763 1241 998 1334 spectantium
1016 1243 1248 1315 commoverit
1266 1254 1302 1314 et
1317 1264 1399 1316 oon·

382 1364 548 1436 terruerit
558 1365 708 1453 animos,
727 1374 761 1436 et
779 1387 860 1459 quae
875 1365 980 1436 inerit
993 1365 1139 1438 inomni
1155 1367 1274 1438 fabula
1290 1367 1397 1460 hujus
1433 1394 1435 1398 ·

383 1489 606 1583 potissimum
616 1487 958 1584 soaenaeiadmiratio.
973 1483 1241 1563 Vatio'inationis
1256 1491 1398 1564 utilitati

384 1613 617 1686 satisfactum.

431 1736 534 1820 Quod
554 1738 584 1810 si
601 1738 646 1809 ad
665 1737 805 1830 ejusden
820 1739 958 1810 indolem
978 1740 1178 1830 veniemus,
1191 1739 1398 1812 mirabimur

380 1861 535 1957 primum
550 1863 669 1935 omnia
686 1883 768 1956 quae
783 1865 879 1957 apud
900 1874 1061 1957 posteros
1078 1865 1178 1936 velut
1198 1864 1320 1936 talium
1341 1886 1397 1936 re-

380 1984 459 2057 ium
497 1989 709 2058 iustmmentu
750 1988 977 2081 proferuntur
1015 1998 1051 2059 et
1084 1988 1286 2083 prodigium
1321 1987 1397 2060 veri

379 2111 530 2184 similius
559 2112 711 2202 faciunt,
740 2113 786 2184 ab
809 2113 873 2195 illa
903 2117 1101 2203 removeri3
1133 2115 1291 2206 reginum
1319 2123 1397 2185 tan·

381 2244 455 2307 tum
485 2235 629 2308 inferias
662 2236 795 2330 quibus
825 2236 988 2328 conjugis
1018 2226 1140 2308 manes
1174 2237 1303 2310 elicere
1328 2249 1398 2308 stu·

377 2357 458 2454 det,
492 2359 612 2432 verbis
641 2359 838 2436 admodum
868 2360 1017 2454 poeticis
1049 2360 1131 2453 (ott
1167 2359 1218 2456 s.)
1251 2382 1398 2433 enume-

377 2504 475 2576 rare;
507 2487 681 2578 jussuque
714 2484 810 2556 iltius
836 2484 987 2558 chorum
1004 2496 1050 2557 et
1082 2496 1188 2558 cantu
1219 2497 1257 2559 et
1293 2494 1398 2560 terrae

376 2611 505 2705 plausu
528 2612 690 2682 umbram
718 2631 861 2684 vocare.
890 2609 986 2681 Nihil
1008 2611 1174 2707 amplius.
1204 2611 1256 2685 Ne
1280 2612 1394 2686 noetis

377 2735 522 2828 quidem
549 2735 668 2831 speeie
686 2743 749 2807 aut
767 2735 979 2830 crepusculo
1004 2736 1160 2828 quodam
1185 2736 1310 2808 umbra
1332 2735 1395 2809 ad-

234 2941 239 2948 ,
372 2860 520 2953 juvatur
534 2884 544 2953 3
558 2859 595 2930 in
607 2860 722 2932 lucem
735 2861 828 2933 inter
838 2860 961 2932 Persas
980 2857 1140 2955 procedit
1150 2861 1226 2935 sola
1239 2883 1278 2934 se
1289 2862 1391 2936 freta.

376 2984 447 3058 Sed
461 3005 534 3058 non
547 3004 656 3059 eausa
668 2985 720 3058 rei
739 2984 803 3058 diu
821 2995 994 3058 attentum
1006 2986 1125 3077 fallet3
1139 3008 1256 3081 neque
1274 2987 1394 3058 audax

376 3107 450 3199 ilia,
472 3118 512 3180 ut
532 3109 789 3182 recentioribus
814 3109 1023 3204 videbatur,
1046 3109 1261 3202 negiigentia
1289 3131 1395 3181 exou-

375 3234 572 3307 sationibus
600 3236 726 3327 egebat
744 3231 802 3330 (i)
819 3255 900 3328 quae
925 3255 946 3306 a
970 3234 1133 3328 pluribus
1158 3244 1241 3304 sunt
1263 3255 1391 3328 propo·

373 3359 466 3432 sitae.
491 3359 628 3432 Etenim
656 3351 791 3430 nullum
822 3359 964 3454 propria
995 3367 1071 3429 arte
1098 3379 1188 3450 opus
1215 3358 1299 3446 fuit,
1329 3359 1392 3429 ubi

374 3486 459 3557 uiuit
481 3487 601 3556 mirum
626 3485 713 3579 ipsis
741 3485 930 3577 agentibus
960 3481 1037 3554 fieri
1068 3482 1283 3571 videbatnr;
1313 3481 1392 3554 sive

374 3607 442 3680 ulia
472 3630 599 3696 eausa,
634 3609 713 3681 sive
731 3608 875 3701 {morem
911 3605 1279 3699 consuetudinemque
1305 3625 1390 3699 gen·

373 3733 419 3806 tis
440 3732 499 3805 hio
528 3733 734 3806 retinerent.
762 3731 879 3816 Quum
901 3730 1028 3803 Darius
1053 3752 1074 3802 e
1099 3730 1262 3824 sepulcro
1293 3748 1391 3821 egre-

374 3855 492 3948 ditur,
526 3855 656 3931 chorus
688 3866 725 3928 et
757 3856 913 3950 antiquae
946 3853 1186 3929 venerationis
1220 3852 1388 3924 memoria

412 4111 447 4184 tii
468 4109 568 4179 Pauo,
584 4110 609 4182 1,
626 4109 690 4169 tet.
