3254 5112
670 531 848 592 -107-

248 692 387 760 corum;
408 692 517 764 quum
535 691 605 743 non
625 670 730 742 modo
748 691 867 742 rernm
894 690 960 740 usu
980 671 1137 740 omninm
1155 669 1262 742 homi·

252 820 334 870 num
368 799 508 869 animus
540 795 729 868 conoallnit
760 816 972 889 semperque
1001 796 1135 888 aliquid
1165 797 1261 888 quod

251 923 363 998 rideat
381 923 507 996 festive
526 923 714 1010 odoratur,
732 923 913 993 interdum
935 919 1052 1014 fingit,
1072 921 1137 993 sed
1156 922 1260 993 etiam

252 1049 425 1121 divinatio
441 1047 516 1143 ipsu
535 1059 680 1142 propter
696 1048 900 1120 tenuitatem
914 1058 1035 1118 vatum
1051 1069 1069 1116 a
1083 1046 1262 1139 roligionis

250 1175 458 1248 auctoritate
487 1175 631 1248 omnino
662 1175 813 1245 abducta
841 1187 895 1246 est
922 1175 967 1245 ud
1000 1171 1196 1244 mercedem
1228 1181 1263 1243 et

251 1310 440 1395 quaestum,
458 1311 494 1371 et
510 1300 545 1370 in
563 1301 636 1370 vita
653 1322 692 1372 se
710 1301 854 1371 damnat
873 1300 952 1393 ipsa
969 1298 1146 1392 fidemque
1162 1319 1262 1370 suam

251 1426 400 1515 evertit3
423 1437 496 1496 tum
517 1424 720 1497 mehercule
740 1425 946 1497 vaticinatio
966 1424 1062 1495 nulla
1076 1425 1112 1494 in
1127 1423 1263 1497 theatro

251 1562 367 1646 potest
395 1573 484 1624 vere
516 1550 607 1624 fieri.
631 1552 688 1623 Sic
710 1553 867 1646 Euripidi
888 1564 923 1622 et
944 1551 1099 1623 Voltario
1123 1559 1261 1638 nostro,

252 1678 390 1750 etiamsi
405 1678 441 1749 id
457 1679 595 1750 sincere
612 1677 822 1766 voluissent,
838 1699 942 1749 veros
958 1687 1057 1749 vates
1072 1675 1264 1747 inducendi

251 1824 353 1896 paene
371 1803 466 1873 nulla
482 1803 627 1873 lauultas
644 1802 710 1872 luit
728 1799 798 1899 (l).
813 1842 860 1856 —
877 1802 996 1874 Altera
1014 1824 1101 1874 vero
1120 1823 1200 1895 quae
1219 1802 1264 1875 ad

252 1929 367 2022 ipsum
391 1939 520 2022 poetam
538 1940 692 2022 spectat,
722 1951 792 2002 non
824 1930 940 2001 minus
968 1939 1022 2000 est
1048 1927 1261 1999 necessaria.

251 2052 344 2138 Quid
363 2053 457 2126 enim
478 2053 523 2125 de
543 2054 670 2126 ceteris
691 2055 849 2146 agimur,
874 2055 905 2125 si
929 2053 1051 2125 eadem
1077 2053 1168 2123 inter
1189 2072 1263 2122 rem

252 2191 466 2273 poetamqne
494 2181 617 2266 subest
636 2180 833 2267 discordia,
854 2190 889 2251 et
908 2181 942 2249 in
964 2191 1039 2251 arte
1058 2200 1164 2272 qnam
1184 2200 1264 2272 pro·

251 2305 370 2397 ponit,
393 2304 481 2376 nihil
501 2305 561 2377 ille
583 2319 713 2398 praeter
730 2306 849 2378 dolum
868 2326 909 2376 ac
923 2304 1120 2398 praestigias
1143 2304 1267 2374 videt‘l

251 2428 436 2514 Quomodo
449 2431 689 2502 assensionem
700 2431 848 2503 aliorum
861 2430 1027 2525 captabit,
1040 2428 1178 2522 quisibi
1190 2427 1266 2520 ipse

254 2575 323 2626 non
339 2554 610 2626 conciliabitur?
621 2555 866 2649 Nequidquam
880 2554 1109 2626 reluctabitur
1120 2573 1240 2624 secum
1254 2575 1263 2640 ;

257 2678 305 2747 nil
325 2699 451 2749 verum
471 2679 530 2750 vel
554 2679 710 2750 maximo
738 2680 859 2751 labore
875 2680 1041 2772 proferet,
1057 2677 1267 2769 falleturque

257 2803 286 2874 is
306 2802 457 2895 primum
477 2803 539 2895 qni
559 2803 665 2873 salsos
683 2815 783 2875 vates
800 2803 1000 2896 putaverit3
1022 2824 1149 2895 nempe
1167 2802 1203 2871 in
1224 2801 1267 2873 iis

257 2923 432 3017 lingendis
449 2926 577 2996 frustra
598 2926 676 2997 erit.
699 2926 800 2998 Unde
820 2927 971 3019 intelligi
991 2937 1106 3020 potest
1124 2948 1187 2998 cur
1204 2925 1265 2998 So·
1333 2963 1336 2970 ·

256 3049 400 3143 phocles
420 3071 489 3122 non
509 3072 612 3144 aeque
631 3053 664 3120 in
681 3074 720 3122 ea
738 3065 837 3145 parte
852 3063 960 3145 atque
980 3053 1014 3123 in
1035 3052 1161 3124 ceteris
1181 3051 1266 3122 felix

257 3175 374 3263 fuerit,
384 3174 678 3248 Raciniuscontra
688 3179 907 3251 sacerdotem
920 3178 955 3247 in
969 3177 1132 3249 hebraica
1142 3187 1267 3268 tragoe·

137 3365 140 3371 .
255 3299 314 3369 dia
325 3298 581 3372 Christiortum
598 3301 865 3394 praeclarissime
878 3314 1060 3374 canentem
1071 3301 1264 3386 induxerit,

256 3425 496 3519 Schuxperius
518 3437 553 3498 et
573 3441 673 3499 vates
692 3439 727 3499 ct
744 3428 1008 3501 vaticinantium
1036 3426 1268 3521 praedictioni·

255 3550 323 3620 bus
351 3552 575 3642 perturbatos
604 3552 789 3640 homines,
810 3553 1010 3623 felicissime
1033 3551 1264 3645 expresserit3

234 3763 235 3768 Ἰ
260 3671 418 3764 deniqne
437 3673 676 3746 Marathonius
708 3687 811 3768 poeta
836 3675 980 3746 numine
1005 3673 1157 3768 quodam
1185 3695 1265 3768 prou

291 3925 326 3999 (l)
334 3926 500 3984 Gredidisse
510 3929 624 4000 Anglos
633 3930 808 3986 hariolorum
816 3929 1050 4002 praedictionibus
1060 3947 1150 4004 quum
1160 3930 1269 3988 Schax·

167 4011 171 4018 ’
255 4023 355 4096 perine
375 4026 489 4084 fabulas
509 4043 579 4083 suas
601 4028 715 4099 ederet,
731 4037 852 4085 monent
870 4027 1033 4086 Villemain.
1048 4032 1113 4088 citt.
1137 4027 1267 4086 dic-liui-

257 4123 441 4191 cerasiaco,
459 4126 547 4192 indi,
566 4123 625 4193 III,
642 4143 670 4198 p.
689 4126 750 4198 339,
768 4126 919 4194 Morituros,
935 4128 1110 4208 Shclspaoru
1128 4129 1212 4200 chop.
1227 4127 1265 4206 V,

255 4217 270 4302 ᾗ
284 4219 311 4275 5.
328 4216 458 4306 sepior,
474 4225 534 4290 licta
552 4223 662 4296 Suissc,
679 4231 735 4280 oct.
754 4224 838 4295 1877,
854 4243 883 4298 p.
901 4225 951 4282 183
967 4232 996 4281 et
1009 4241 1034 4282 a.
