3254 5112
768 478 811 490 -
829 443 873 508 nr·
894 477 929 492 ..

345 584 562 662 exisnmatio
593 593 631 654 nt
651 581 681 654 si
705 581 905 654 rabuinum
920 581 1148 676 unuquurun
1169 596 1271 659 uates
1290 587 1353 658 nii·

345 710 491 808 quando
531 709 664 780 inducti
703 719 849 798 esseni,
884 731 954 782 non
999 709 1106 783 modo
1143 713 1239 806 quud
1282 713 1363 806 jare

348 839 504 910 uidimus
519 835 738 929 inSophooie
749 831 818 930 (i),
829 835 994 908 omnibns
1010 838 1233 910 contumeiiis
1250 840 1357 911 muiu-

349 973 522 1052 tnreniur,
534 962 597 1033 sed
614 961 776 1054 quemuis
792 961 929 1032 innoxii
951 984 996 1033 ne
1011 963 1269 1036 reincoureutur
1282 966 1364 1059 qui-2

347 1088 451 1177 idern,
468 1087 535 1159 sed
565 1085 662 1156 taciti
690 1085 845 1157 demisso
870 1086 985 1180 cupite
1011 1087 1103 1161 ultro
1132 1091 1357 1180 recederent,

347 1212 424 1284 imo
443 1210 759 1305 quasirnetuerenl
776 1231 821 1281 ne
842 1210 927 1282 anis
948 1211 1092 1283 infamis
1113 1213 1181 1284 sibi
1203 1224 1358 1299 noceret,

349 1351 537 1408 monerent
559 1335 652 1405 uitro
671 1333 918 1428 utaliquando
941 1335 1008 1406 sibi
1033 1337 1257 1426 crederetur,
1277 1359 1360 1431 quo

350 1461 447 1534 niem
466 1460 525 1532 illu
551 1482 621 1533 non
641 1470 760 1532 essent
778 1460 877 1532 usuri
891 1457 1049 1556 (Trono,
1072 1461 1141 1532 366
1165 1489 1172 1533 :
1197 1467 1295 1544 ἔνθεος
1311 1466 1362 1560 μὲν

349 1588 426 1657 ἀλλ’
438 1591 520 1683 ὅμως
535 1581 663 1656 τοσόνδε
678 1581 712 1682 γ’
725 1581 784 1666 ἔξω
803 1590 957 1681 στήσομαι
977 1589 1213 1684 βακχευμάτων.
1226 1589 1361 1677 Bacch„

357 1710 426 1780 368
445 1734 454 1779 t
482 1721 614 1806 μαντικῇ
636 1713 687 1805 μὲν
706 1715 740 1778 nir
760 1714 863 1806 λέγω,
882 1721 951 1790 τοῖς
966 1713 1141 1808 πράγμασιν
1162 1707 1208 1784 δέ.
1230 1711 1373 1796 Quibus·

356 1836 449 1908 adde
480 1835 539 1906 iila
558 1835 724 1927 ambigua
750 1855 831 1928 quae
849 1847 1045 1928 sequuntur
1061 1861 1077 1926 3.
1095 1847 1178 1932 μῶρα
1196 1837 1253 1934 γὰρ
1271 1849 1367 1934 μῶμος

356 1961 470 2058 mirer).
484 1961 577 2033 Alibi
593 1982 634 2032 ea
650 1971 894 2055 proponuntur
908 1961 952 2033 de
969 1962 1220 2035 vaticinatione
1238 1965 1368 2057 quibus

358 2087 511 2181 acceptis
535 2097 652 2158 votem
681 2086 871 2158 dicendum
896 2087 941 2157 sii
963 2086 1141 2181 quidquid
1165 2087 1201 2159 di
1220 2089 1371 2180 Jubeouu

356 2233 429 2284 non
449 2211 553 2300 scire,
575 2211 637 2282 sed
658 2211 863 2282 decernere.
881 2211 918 2281 ln
938 2212 1080 2282 Theonoe
1097 2209 1169 2305 (2),
1190 2233 1272 2305 quae
1290 2213 1376 2307 plus-

357 2337 465 2408 ώσω
486 2357 590 2430 quern
612 2337 817 2410 Homericus
830 2335 984 2408 Helenus
997 2337 1106 2427 valet,
1120 2337 1208 2407 nihil
1225 2311 1367 2409 ciurins.

358 2462 422 2534 Cui
442 2484 523 2556 quoe
541 2462 610 2533 sibi
627 2462 792 2534 Horatius
812 2463 936 2552 (Germ.
949 2461 1006 2549 111,
1020 2460 1076 2557 3.)
1095 2463 1159 2534 sed
1179 2462 1249 2535 alio
1265 2483 1371 2534 sensu

361 2565 513 2659 libenter
531 2588 739 2680 objiciamus
754 2612 762 2656 ι
777 2612 794 2654 u
807 2584 931 2670 Quo...
954 2588 1094 2658 iendis?
1112 2586 1235 2659 desine
1253 2589 1373 2681 perui-

359 2734 428 2784 ccx
444 2714 576 2784 referre
586 2735 765 2783 sermonem
781 2711 914 2782 deorum
927 2709 998 2809 (3).
1020 2739 1037 2779 o
1049 2711 1096 2783 Eu
1113 2733 1199 2784 sane
1214 2735 1253 2782 re
1268 2712 1375 2782 inisse

361 2847 470 2931 negat
484 2847 586 2930 poete
606 2860 687 2930 quse
707 2848 777 2908 tarn
798 2837 1000 2931 prodigiosa
1017 2837 1139 2908 verbis
1159 2836 1326 2907 affirmat.

413 2963 504 3034 Deos
526 2964 679 3057 petrice,
701 2984 901 3056 quanquam
928 2962 1106 3054 corrigere
1134 2961 1272 3049 voluit,
1294 2961 1376 3031 reti·

364 3085 473 3157 nebat
483 3082 957 3179 Euripide53divinationem
975 3107 1075 3172 vero,
1094 3084 1317 3178 quantumin
1335 3104 1383 3156 eo

366 3209 445 3300 init,
461 3210 604 3282 sustulit
620 3222 656 3281 et
668 3211 802 3282 abuiiis
821 3211 894 3282 colii
915 3210 1131 3304 explodique
1148 3211 1286 3280 laentns
1305 3219 1372 3279 est.

367 3334 459 3428 Ergo
478 3334 574 3406 nulla
593 3345 648 3406 est
670 3337 746 3427 ejus
766 3334 802 3404 in
823 3334 951 3405 fabulis
969 3333 1113 3420 mentio,
1136 3334 1192 3404 cui
1213 3354 1283 3403 non
1307 3342 1377 3402 sio·

407 3618 445 3688 (1)
460 3616 553 3690 Major
566 3618 639 3675 mihi
653 3633 740 3690 quam
752 3615 904 3674 Lucbkero
921 3619 1028 3690 (Eorip.
1042 3617 1143 3689 Theoi,
1157 3635 1186 3690 p.
1202 3617 1246 3685 25)
1265 3614 1386 3672 videtur·

371 3717 406 3772 de
421 3733 455 3772 ea
470 3734 501 3773 re
517 3717 667 3790 utriusque
681 3725 773 3790 poetae
788 3717 957 3774 differentia.

408 3813 445 3883 (2)
460 3815 529 3880 Hel„
547 3815 608 3880 887,
625 3825 692 3881 reio<
704 3824 824 3888 δ’ἐφ1ἠμϊν
843 3826 926 3874 ...κτλ

410 3912 445 3984 13)
458 3909 541 3966 Gonf.
556 3913 599 3968 sis
612 3913 699 3968 etiam
714 3912 940 3984 Scharrpearinm
955 3914 999 3984 (Le
1012 3913 1143 3979 ruiliaco,
1159 3911 1196 3976 V,
1209 3911 1235 3982 3,
1248 3929 1276 3982 p.
1291 3909 1354 3978 111)
1374 3932 1379 3963 :

375 4009 483 4067 «Nous
492 4009 696 4082 expliquerons
706 4011 732 4065 ie
745 4017 842 4067 secret
853 4011 905 4068 des
920 4012 1025 4068 choses
1038 4027 1151 4067 comme
1163 4010 1190 4066 si
1200 4024 1275 4065 nous
1288 4008 1389 4064 etions·

367 4112 417 4167 ies
427 4109 532 4183 σσμίσνισ
545 4109 589 4164 des
604 4109 696 4164 dicun.
714 4132 727 4162 u
