3250 5120
801 235 818 277 t

785 466 946 532 ..3ss-

359 601 588 676 Prometheus
618 624 689 676 non
719 602 913 678 iracundiae
941 602 1059 678 minna
1089 613 1143 675 est
1168 604 1366 700 impotens,

360 729 425 802 sed
443 729 612 824 propositi
635 737 671 800 et
696 705 827 800 silentii
850 727 1019 803 tenacior.
1040 728 1139 802 Vana
1161 729 1306 824 quidem
1334 740 1370 804 et

360 853 508 926 nimium
527 853 673 949 pulchra
692 875 773 948 quae
792 854 957 949 proponit
973 853 1103 928 chorus
1122 855 1215 930 ultro
1240 856 1370 929 avertit

358 974 447 1073 (509
459 1032 470 1067 ,
497 980 616 1060 εὔελπίς
642 979 705 1075 εἰμι
726 973 825 1048 τῶνδέ
843 984 870 1048 σ’
893 982 927 1048 ἐκ
944 972 1065 1076 δεσμῶν
1092 981 1143 1051 ἔτι
1163 969 1292 1052 ludenrot
1309 1007 1369 1076 μη-

359 1096 410 1174 δὲν
430 1111 515 1200 μεῖον
537 1105 668 1198 ἰσχύσειν
687 1104 754 1183 Διός
772 1142 821 1156 -
837 1117 936 1198 Προμ.
965 1107 999 1172 οὐ
1017 1113 1119 1176 ταῦτα
1142 1105 1241 1203 ταύτῃ
1260 1101 1367 1201 κτλ).

359 1225 429 1298 Sed
449 1227 587 1304 infenso
605 1226 684 1299 Iovi
709 1227 847 1302 ruinam
868 1226 1102 1320 praenuntiat,
1120 1226 1189 1300 sibi
1203 1226 1368 1300 liberato·

360 1371 436 1422 rem
455 1371 526 1423 non
545 1361 680 1423 mutum
700 1350 886 1445 providet,
907 1350 972 1428 sed
997 1350 1075 1442 eJ‘ns
1093 1359 1235 1424 aetatem
1254 1359 1291 1424 et
1309 1371 1369 1443 ge·

361 1495 428 1546 uus
451 1474 598 1548 indicat.
627 1474 855 1550 Gravissimis
877 1475 952 1546 suis
971 1474 1180 1550 vulneribus
1201 1475 1269 1550 hoc
1299 1497 1370 1548 uuo

360 1599 425 1694 ned
440 1621 568 1692 magno
583 1600 740 1675 fomento
756 1600 936 1690 medetur;
951 1599 1019 1673 hac
1038 1602 1149 1674 fretus
1163 1599 1299 1694 ingenii
1314 1599 1369 1672 sui

359 1715 576 1798 conscientia
594 1747 773 1798 summum
790 1725 896 1797 deum
916 1733 1099 1821 provocat,
1120 1724 1186 1797 hac
1208 1726 1269 1798 fati
1286 1746 1370 1819 pru·

361 1847 481 1920 dentia
507 1849 752 1942 multomagis
775 1869 883 1942 qoam
909 1848 1171 1923 immortalitate
1195 1848 1264 1920 sibi
1286 1848 1370 1920 olim

362 1972 580 2067 deploranda
601 1974 766 2046 eumdem
796 1973 1001 2069 impugnatj
1030 1972 1194 2066 injuriam
1222 1996 1303 2046 cum
1327 1994 1370 2046 eo

362 2090 564 2190 expostulat
581 2093 798 2192 (177,πσίνας
813 2125 849 2170 τε
864 2100 958 2169 τίνειν
973 2093 1187 2194 σῆςδάἰκίας)
1197 2122 1206 2187 ;
1217 2098 1371 2191 denique
1429 2101 1437 2113 '

361 2242 479 2293 rerum
508 2222 665 2294 omnium
691 2223 856 2316 quamvis
878 2223 1165 2318 potentissimum
1189 2222 1372 2296 dominum

361 2345 509 2440 periculi
531 2369 640 2440 quum
660 2347 806 2418 maximi
830 2347 999 2420 tumcaeci
1022 2347 1147 2419 timore
1165 2369 1209 2420 eo
1227 2345 1372 2418 adducit

363 2481 402 2542 ut
412 2471 480 2543 sibi
496 2470 798 2563 modisomnibus‚
811 2473 931 2562 minis,
949 2484 1097 2564 terrore,
1110 2472 1284 2568 supplicio
1300 2493 1371 2546 oer-

345 2606 437 2675 ¹tum
457 2596 552 2667 illius
570 2596 740 2669 indicium
760 2606 973 2691 extorquere
991 2598 1091 2676 uelit.

410 2719 552 2804 Quaeret
571 2720 698 2816 aliquis
717 2731 836 2796 utrum
858 2743 919 2816 por
939 2744 973 2794 re
993 2721 1070 2817 ipse
1088 2742 1134 2793 an
1155 2721 1291 2794 alterius
1315 2741 1374 2814 ope

361 2865 444 2938 qnae
463 2843 623 2938 praedicit
644 2843 874 2920 Prometheus
898 2845 1095 2919 resciverit.
1116 2844 1204 2929 Quae
1227 2843 1372 2939 quidem

361 2967 409 3042 ad
429 2968 553 3042 Iovem
581 2970 759 3064 pertinent
783 2992 804 3043 a
831 2971 1001 3045 Themide
1026 2981 1138 3044 matre
1160 2992 1200 3042 se
1228 2969 1373 3042 audisse

362 3089 417 3163 bis
435 3070 545 3185 (209,Ι
569 3090 658 3190 874)
680 3093 880 3167 confitetur.
902 3095 973 3166 Sed
998 3116 1043 3167 ne
1067 3094 1100 3165 ei
1127 3093 1239 3186 magis
1265 3112 1372 3186 quam

361 3237 504 3309 aequum
530 3228 583 3288 est
608 3239 786 3312 quamque
813 3219 889 3315 ipse
915 3219 1002 3291 velit
1026 3219 1228 3295 credamus.
1250 3217 1372 3291 Matris

362 3345 458 3420 enim
476 3368 620 3437 nomeu,
640 3346 669 3418 si
684 3369 756 3419 non
774 3346 811 3423 iu
829 3369 872 3420 eo
891 3367 1025 3424 meram
1041 3347 1248 3440 allegoriam
1267 3345 1371 3419 intel·

363 3469 465 3564 ligio,
486 3470 568 3543 ideo
592 3481 727 3542 tantum
746 3470 816 3542 huc
842 3471 987 3543 allatum
1006 3471 1171 3562 videtur,
1199 3493 1271 3566 quo
1293 3471 1372 3565 plus

362 3595 580 3668 auctoritatis
607 3596 738 3669 dicenti
764 3596 972 3690 adjiciatur3
995 3597 1171 3690 spondeat
1194 3596 1254 3668 illa
1276 3593 1373 3689 quod

364 3719 422 3792 hic
444 3721 630 3815 providet3
658 3745 729 3796 nou
754 3735 920 3817 tanquam
940 3722 1028 3794 nihil
1047 3732 1176 3818 praeter
1196 3744 1238 3796 ea
1262 3741 1371 3793 nove·

351 3849 410 3920 uit
428 3859 464 3920 et
485 3830 736 3942 angustissimo
755 3851 816 3925 illo
835 3873 924 3948 gyro
937 3854 1024 3944 ejus
1044 3852 1228 3946 ingenium
1245 3849 1371 3921 refrin-

341 3982 479 4080 ¹putor.
506 3973 546 4044 ld
568 3974 661 4045 enim
687 3998 797 4048 unum
819 3987 880 4048 aut
898 3976 1048 4049 alterum
1077 3985 1189 4048 mater
1214 3971 1370 4072 edocuit,

348 4077 429 4171 ”sed
455 4120 526 4171 non
550 4100 724 4194 quidquid
740 4100 814 4174 loni
844 4102 1079 4198 praenuntiat3
1107 4100 1263 4196 denique
1286 4098 1373 4194 quid
