<?xml version="1.0" encoding="UTF-8"?>
<!DOCTYPE html PUBLIC "-//W3C//DTD XHTML 1.0 Transitional//EN"
    "http://www.w3.org/TR/xhtml1/DTD/xhtml1-transitional.dtd">
<html xmlns="http://www.w3.org/1999/xhtml" xml:lang="en" lang="en">
 <head>
  <title>
</title>
<meta http-equiv="Content-Type" content="text/html;charset=utf-8" />
  <meta name='ocr-system' content='tesseract 3.04.00' />
  <meta name='ocr-capabilities' content='ocr_page ocr_carea ocr_par ocr_line ocrx_word'/>
</head>
<body>
  <div class='ocr_page' id='page_1' title='image "./devaticinatione00thomgoog_0031.png"; bbox 0 0 3250 5120; ppageno 0'>
   <div class='ocr_carea' id='block_1_1' title="bbox 785 543 947 607">
    <p class='ocr_par' dir='ltr' id='par_1_1' title="bbox 785 543 947 607">
     <span class='ocr_line' id='line_1_1' title="bbox 785 543 947 607; baseline -0.025 -11"><span class='ocrx_word' id='word_1_1' title='bbox 785 543 947 607; x_wconf 67' lang='lat'><strong>-10-</strong></span> 
     </span>
    </p>
   </div>
   <div class='ocr_carea' id='block_1_2' title="bbox 252 683 1435 3540">
    <p class='ocr_par' dir='ltr' id='par_1_2' title="bbox 252 683 1372 1778">
     <span class='ocr_line' id='line_1_2' title="bbox 357 683 1371 788; baseline -0.003 -24"><span class='ocrx_word' id='word_1_2' title='bbox 357 713 496 766; x_wconf 89' lang='lat' dir='ltr'><strong>morum</strong></span> <span class='ocrx_word' id='word_1_3' title='bbox 515 686 649 780; x_wconf 77' lang='lat' dir='ltr'><strong>regulae</strong></span> <span class='ocrx_word' id='word_1_4' title='bbox 664 683 933 757; x_wconf 84' lang='lat' dir='ltr'><strong>neeommodare</strong></span> <span class='ocrx_word' id='word_1_5' title='bbox 951 703 994 755; x_wconf 81' lang='lat' dir='ltr'><strong>eu</strong></span> <span class='ocrx_word' id='word_1_6' title='bbox 1013 683 1173 758; x_wconf 77' lang='lat' dir='ltr'>studeret</span> <span class='ocrx_word' id='word_1_7' title='bbox 1185 707 1267 781; x_wconf 86' lang='lat' dir='ltr'><strong>quae</strong></span> <span class='ocrx_word' id='word_1_8' title='bbox 1282 688 1371 788; x_wconf 65' lang='lat' dir='ltr'><strong>phy·</strong></span> 
     </span>
     <span class='ocr_line' id='line_1_3' title="bbox 357 808 1372 907; baseline -0.002 -17"><span class='ocrx_word' id='word_1_9' title='bbox 357 819 464 892; x_wconf 84' lang='lat' dir='ltr'><strong>sinum</strong></span> <span class='ocrx_word' id='word_1_10' title='bbox 486 832 604 886; x_wconf 91' lang='lat' dir='ltr'><strong>rerum</strong></span> <span class='ocrx_word' id='word_1_11' title='bbox 623 819 786 881; x_wconf 84' lang='lat' dir='ltr'><strong>naturam</strong></span> <span class='ocrx_word' id='word_1_12' title='bbox 807 808 1056 904; x_wconf 81' lang='lat' dir='ltr'>exprimebant</span> <span class='ocrx_word' id='word_1_13' title='bbox 1071 810 1142 907; x_wconf 85' lang='lat' dir='ltr'><strong>(t),</strong></span> <span class='ocrx_word' id='word_1_14' title='bbox 1159 823 1194 884; x_wconf 88' lang='lat' dir='ltr'><strong>st</strong></span> <span class='ocrx_word' id='word_1_15' title='bbox 1213 813 1250 884; x_wconf 92' lang='lat' dir='ltr'><strong>in</strong></span> <span class='ocrx_word' id='word_1_16' title='bbox 1267 813 1372 890; x_wconf 77' lang='lat' dir='ltr'><strong>brute</strong></span> 
     </span>
     <span class='ocr_line' id='line_1_4' title="bbox 355 933 1369 1034; baseline 0.002 -20"><span class='ocrx_word' id='word_1_17' title='bbox 355 941 503 1014; x_wconf 85' lang='lat' dir='ltr'><strong>materie</strong></span> <span class='ocrx_word' id='word_1_18' title='bbox 524 938 706 1024; x_wconf 81' lang='lat' dir='ltr'><strong>animum,</strong></span> <span class='ocrx_word' id='word_1_19' title='bbox 725 935 762 1006; x_wconf 94' lang='lat' dir='ltr'><strong>id</strong></span> <span class='ocrx_word' id='word_1_20' title='bbox 780 944 837 1006; x_wconf 91' lang='lat' dir='ltr'><strong>est</strong></span> <span class='ocrx_word' id='word_1_21' title='bbox 851 935 888 1006; x_wconf 93' lang='lat' dir='ltr'><strong>in</strong></span> <span class='ocrx_word' id='word_1_22' title='bbox 907 933 1002 1007; x_wconf 82' lang='lat' dir='ltr'><strong>betto</strong></span> <span class='ocrx_word' id='word_1_23' title='bbox 1021 957 1143 1030; x_wconf 79' lang='lat' dir='ltr'><strong>paoem</strong></span> <span class='ocrx_word' id='word_1_24' title='bbox 1162 938 1369 1034; x_wconf 75' lang='lat' dir='ltr'><strong>inquireret</strong></span> 
     </span>
     <span class='ocr_line' id='line_1_5' title="bbox 353 1043 1371 1148; baseline -0.004 -8"><span class='ocrx_word' id='word_1_25' title='bbox 353 1067 445 1140; x_wconf 80' lang='lat' dir='ltr'><strong>Sane</strong></span> <span class='ocrx_word' id='word_1_26' title='bbox 464 1063 609 1137; x_wconf 92' lang='lat' dir='ltr'><strong>omnino</strong></span> <span class='ocrx_word' id='word_1_27' title='bbox 626 1057 883 1134; x_wconf 82' lang='lat' dir='ltr'><strong>desiderandus</strong></span> <span class='ocrx_word' id='word_1_28' title='bbox 896 1069 967 1148; x_wconf 84' lang='lat' dir='ltr'><strong>est,</strong></span> <span class='ocrx_word' id='word_1_29' title='bbox 982 1060 1080 1132; x_wconf 85' lang='lat' dir='ltr'><strong>uelut</strong></span> <span class='ocrx_word' id='word_1_30' title='bbox 1092 1061 1231 1134; x_wconf 86' lang='lat' dir='ltr'><strong>illarum</strong></span> <span class='ocrx_word' id='word_1_31' title='bbox 1249 1043 1371 1136; x_wconf 80' lang='lat' dir='ltr'><strong>rerum</strong></span> 
     </span>
     <span class='ocr_line' id='line_1_6' title="bbox 353 1181 1372 1280; baseline 0 -19"><span class='ocrx_word' id='word_1_32' title='bbox 353 1191 557 1276; x_wconf 85' lang='lat' dir='ltr'><strong>thesaurus,</strong></span> <span class='ocrx_word' id='word_1_33' title='bbox 578 1185 668 1257; x_wconf 88' lang='lat' dir='ltr'><strong>liber</strong></span> <span class='ocrx_word' id='word_1_34' title='bbox 686 1205 793 1277; x_wconf 89' lang='lat' dir='ltr'><strong>quem</strong></span> <span class='ocrx_word' id='word_1_35' title='bbox 813 1181 966 1254; x_wconf 76' lang='lat' dir='ltr'>Glaucus</span> <span class='ocrx_word' id='word_1_36' title='bbox 985 1183 1233 1280; x_wconf 75' lang='lat' dir='ltr'><strong>Rheginensis,</strong></span> <span class='ocrx_word' id='word_1_37' title='bbox 1250 1188 1372 1262; x_wconf 88' lang='lat' dir='ltr'><strong>Demo·</strong></span> 
     </span>
     <span class='ocr_line' id='line_1_7' title="bbox 353 1307 1368 1411; baseline 0.003 -25"><span class='ocrx_word' id='word_1_38' title='bbox 353 1314 434 1386; x_wconf 85' lang='lat' dir='ltr'><strong>oriti</strong></span> <span class='ocrx_word' id='word_1_39' title='bbox 457 1311 618 1405; x_wconf 77' lang='lat' dir='ltr'><strong>aequatio,</strong></span> <span class='ocrx_word' id='word_1_40' title='bbox 639 1309 687 1380; x_wconf 91' lang='lat' dir='ltr'><strong>de</strong></span> <span class='ocrx_word' id='word_1_41' title='bbox 705 1307 859 1402; x_wconf 82' lang='lat' dir='ltr'><strong>AEsohyli</strong></span> <span class='ocrx_word' id='word_1_42' title='bbox 879 1318 948 1389; x_wconf 78' lang='grc' dir='ltr'>τοῖς</span> <span class='ocrx_word' id='word_1_43' title='bbox 972 1312 1074 1403; x_wconf 68' lang='grc' dir='ltr'>μύθοις</span> <span class='ocrx_word' id='word_1_44' title='bbox 1092 1311 1281 1405; x_wconf 77' lang='lat' dir='ltr'><strong>scripserat</strong></span> <span class='ocrx_word' id='word_1_45' title='bbox 1298 1309 1368 1411; x_wconf 73' lang='lat'><strong>(2).</strong></span> 
     </span>
     <span class='ocr_line' id='line_1_8' title="bbox 354 1432 1370 1526; baseline 0 -16"><span class='ocrx_word' id='word_1_46' title='bbox 354 1437 485 1510; x_wconf 82' lang='lat' dir='ltr'><strong>Temen</strong></span> <span class='ocrx_word' id='word_1_47' title='bbox 501 1435 620 1509; x_wconf 85' lang='lat' dir='ltr'><strong>neseio</strong></span> <span class='ocrx_word' id='word_1_48' title='bbox 637 1454 684 1505; x_wconf 84' lang='lat' dir='ltr'><strong>nn</strong></span> <span class='ocrx_word' id='word_1_49' title='bbox 698 1453 770 1504; x_wconf 94' lang='lat' dir='ltr'><strong>non</strong></span> <span class='ocrx_word' id='word_1_50' title='bbox 790 1432 896 1504; x_wconf 75' lang='lat' dir='ltr'><strong>valde</strong></span> <span class='ocrx_word' id='word_1_51' title='bbox 915 1432 1017 1526; x_wconf 82' lang='lat' dir='ltr'><strong>plura</strong></span> <span class='ocrx_word' id='word_1_52' title='bbox 1033 1434 1070 1503; x_wconf 95' lang='lat' dir='ltr'><strong>in</strong></span> <span class='ocrx_word' id='word_1_53' title='bbox 1085 1455 1129 1507; x_wconf 91' lang='lat' dir='ltr'><strong>eo</strong></span> <span class='ocrx_word' id='word_1_54' title='bbox 1146 1437 1370 1510; x_wconf 81' lang='lat' dir='ltr'><strong>essentdiri·</strong></span> 
     </span>
     <span class='ocr_line' id='line_1_9' title="bbox 355 1554 1369 1658; baseline 0 -24"><span class='ocrx_word' id='word_1_55' title='bbox 355 1582 479 1634; x_wconf 84' lang='lat' dir='ltr'><strong>nurum</strong></span> <span class='ocrx_word' id='word_1_56' title='bbox 500 1580 618 1632; x_wconf 90' lang='lat' dir='ltr'><strong>rerum</strong></span> <span class='ocrx_word' id='word_1_57' title='bbox 638 1557 793 1629; x_wconf 85' lang='lat' dir='ltr'><strong>auctoris</strong></span> <span class='ocrx_word' id='word_1_58' title='bbox 814 1578 921 1649; x_wconf 89' lang='lat' dir='ltr'><strong>quem</strong></span> <span class='ocrx_word' id='word_1_59' title='bbox 940 1554 1092 1650; x_wconf 82' lang='lat' dir='ltr'><strong>fingunt,</strong></span> <span class='ocrx_word' id='word_1_60' title='bbox 1111 1579 1218 1653; x_wconf 85' lang='lat' dir='ltr'><strong>quam</strong></span> <span class='ocrx_word' id='word_1_61' title='bbox 1235 1561 1369 1658; x_wconf 90' lang='lat' dir='ltr'><strong>simpli·</strong></span> 
     </span>
     <span class='ocr_line' id='line_1_10' title="bbox 252 1669 1229 1778; baseline 0 -20"><span class='ocrx_word' id='word_1_62' title='bbox 252 1669 257 1676; x_wconf 58' lang='grc'>’</span> <span class='ocrx_word' id='word_1_63' title='bbox 354 1687 405 1758; x_wconf 89' lang='lat' dir='ltr'><strong>ois</strong></span> <span class='ocrx_word' id='word_1_64' title='bbox 425 1686 520 1755; x_wconf 77' lang='lat' dir='ltr'><strong>illins</strong></span> <span class='ocrx_word' id='word_1_65' title='bbox 538 1705 644 1778; x_wconf 89' lang='lat' dir='ltr'><strong>quem</strong></span> <span class='ocrx_word' id='word_1_66' title='bbox 661 1682 835 1753; x_wconf 83' lang='lat' dir='ltr'><strong>hebemus</strong></span> <span class='ocrx_word' id='word_1_67' title='bbox 853 1701 1086 1776; x_wconf 80' lang='lat' dir='ltr'><strong>ememusque</strong></span> <span class='ocrx_word' id='word_1_68' title='bbox 1100 1695 1229 1778; x_wconf 88' lang='lat' dir='ltr'><strong>poetae.</strong></span> 
     </span>
    </p>

    <p class='ocr_par' dir='ltr' id='par_1_3' title="bbox 345 1806 1435 3397">
     <span class='ocr_line' id='line_1_11' title="bbox 402 1806 1370 1900; baseline 0.004 -18"><span class='ocrx_word' id='word_1_69' title='bbox 402 1810 470 1882; x_wconf 90' lang='lat' dir='ltr'><strong>Sed</strong></span> <span class='ocrx_word' id='word_1_70' title='bbox 503 1808 548 1880; x_wconf 92' lang='lat' dir='ltr'><strong>de</strong></span> <span class='ocrx_word' id='word_1_71' title='bbox 583 1806 816 1879; x_wconf 74' lang='lat' dir='ltr'><strong>universitate</strong></span> <span class='ocrx_word' id='word_1_72' title='bbox 852 1807 1036 1900; x_wconf 82' lang='lat' dir='ltr'><strong>religionis</strong></span> <span class='ocrx_word' id='word_1_73' title='bbox 1068 1809 1257 1884; x_wconf 82' lang='lat' dir='ltr'><strong>haetenus.</strong></span> <span class='ocrx_word' id='word_1_74' title='bbox 1291 1812 1370 1886; x_wconf 91' lang='lat' dir='ltr'><strong>Non</strong></span> 
     </span>
     <span class='ocr_line' id='line_1_12' title="bbox 353 1933 1369 2031; baseline -0.002 -23"><span class='ocrx_word' id='word_1_75' title='bbox 353 1935 519 2029; x_wconf 90' lang='lat' dir='ltr'><strong>equidem</strong></span> <span class='ocrx_word' id='word_1_76' title='bbox 539 1934 576 2003; x_wconf 90' lang='lat' dir='ltr'><strong>in</strong></span> <span class='ocrx_word' id='word_1_77' title='bbox 596 1942 830 2004; x_wconf 85' lang='lat' dir='ltr'><strong>monstratum</strong></span> <span class='ocrx_word' id='word_1_78' title='bbox 857 1944 930 2002; x_wconf 86' lang='lat' dir='ltr'><strong>eta</strong></span> <span class='ocrx_word' id='word_1_79' title='bbox 953 1954 1010 2003; x_wconf 91' lang='lat' dir='ltr'><strong>me</strong></span> <span class='ocrx_word' id='word_1_80' title='bbox 1031 1933 1253 2025; x_wconf 77' lang='lat' dir='ltr'><strong>designatum</strong></span> <span class='ocrx_word' id='word_1_81' title='bbox 1273 1934 1326 2031; x_wconf 87' lang='lat' dir='ltr'><strong>(p.</strong></span> <span class='ocrx_word' id='word_1_82' title='bbox 1345 1937 1369 2006; x_wconf 78' lang='lat' dir='ltr'><strong>t</strong></span> 
     </span>
     <span class='ocr_line' id='line_1_13' title="bbox 351 2056 1368 2154; baseline 0.002 -22"><span class='ocrx_word' id='word_1_83' title='bbox 351 2057 447 2154; x_wconf 87' lang='lat' dir='ltr'><strong>ext.)</strong></span> <span class='ocrx_word' id='word_1_84' title='bbox 473 2057 652 2132; x_wconf 82' lang='lat' dir='ltr'><strong>offendam</strong></span> <span class='ocrx_word' id='word_1_85' title='bbox 679 2056 896 2150; x_wconf 82' lang='lat' dir='ltr'><strong>scopulum3</strong></span> <span class='ocrx_word' id='word_1_86' title='bbox 935 2077 1051 2148; x_wconf 89' lang='lat' dir='ltr'><strong>neque</strong></span> <span class='ocrx_word' id='word_1_87' title='bbox 1081 2058 1138 2129; x_wconf 84' lang='lat' dir='ltr'><strong>hio</strong></span> <span class='ocrx_word' id='word_1_88' title='bbox 1174 2061 1368 2134; x_wconf 81' lang='lat' dir='ltr'><strong>recensebo</strong></span> 
     </span>
     <span class='ocr_line' id='line_1_14' title="bbox 351 2180 1366 2278; baseline 0.002 -24"><span class='ocrx_word' id='word_1_89' title='bbox 351 2183 525 2278; x_wconf 88' lang='lat' dir='ltr'><strong>quidquid</strong></span> <span class='ocrx_word' id='word_1_90' title='bbox 548 2182 593 2253; x_wconf 92' lang='lat' dir='ltr'><strong>de</strong></span> <span class='ocrx_word' id='word_1_91' title='bbox 613 2181 681 2252; x_wconf 87' lang='lat' dir='ltr'><strong>diis</strong></span> <span class='ocrx_word' id='word_1_92' title='bbox 705 2181 827 2253; x_wconf 91' lang='lat' dir='ltr'><strong>doonit</strong></span> <span class='ocrx_word' id='word_1_93' title='bbox 845 2180 1034 2275; x_wconf 70' lang='lat' dir='ltr'><strong>AEsohyIus</strong></span> <span class='ocrx_word' id='word_1_94' title='bbox 1049 2205 1058 2269; x_wconf 91' lang='lat'>;</span> <span class='ocrx_word' id='word_1_95' title='bbox 1076 2183 1173 2276; x_wconf 88' lang='lat' dir='ltr'><strong>quod</strong></span> <span class='ocrx_word' id='word_1_96' title='bbox 1205 2183 1268 2276; x_wconf 89' lang='lat' dir='ltr'><strong>qui</strong></span> <span class='ocrx_word' id='word_1_97' title='bbox 1303 2184 1366 2256; x_wconf 88' lang='lat' dir='ltr'><strong>de·</strong></span> 
     </span>
     <span class='ocr_line' id='line_1_15' title="bbox 351 2305 1367 2402; baseline -0.001 -21"><span class='ocrx_word' id='word_1_98' title='bbox 351 2308 485 2381; x_wconf 85' lang='lat' dir='ltr'><strong>sidernt</strong></span> <span class='ocrx_word' id='word_1_99' title='bbox 508 2306 819 2398; x_wconf 85' lang='lat' dir='ltr'><strong>diligentissimum</strong></span> <span class='ocrx_word' id='word_1_100' title='bbox 845 2305 950 2376; x_wconf 82' lang='lat' dir='ltr'><strong>odeat</strong></span> <span class='ocrx_word' id='word_1_101' title='bbox 967 2305 1147 2380; x_wconf 77' lang='lat' dir='ltr'><strong>Klausenii</strong></span> <span class='ocrx_word' id='word_1_102' title='bbox 1171 2328 1275 2402; x_wconf 87' lang='lat' dir='ltr'><strong>opus.</strong></span> <span class='ocrx_word' id='word_1_103' title='bbox 1305 2308 1367 2380; x_wconf 90' lang='lat' dir='ltr'><strong>Sin</strong></span> 
     </span>
     <span class='ocr_line' id='line_1_16' title="bbox 350 2430 1366 2525; baseline 0.001 -21"><span class='ocrx_word' id='word_1_104' title='bbox 350 2433 450 2505; x_wconf 85' lang='lat' dir='ltr'><strong>malit</strong></span> <span class='ocrx_word' id='word_1_105' title='bbox 476 2431 600 2501; x_wconf 88' lang='lat' dir='ltr'><strong>harum</strong></span> <span class='ocrx_word' id='word_1_106' title='bbox 624 2451 740 2501; x_wconf 91' lang='lat' dir='ltr'><strong>rerum</strong></span> <span class='ocrx_word' id='word_1_107' title='bbox 763 2430 937 2502; x_wconf 84' lang='lat' dir='ltr'><strong>rationem</strong></span> <span class='ocrx_word' id='word_1_108' title='bbox 957 2451 998 2501; x_wconf 86' lang='lat' dir='ltr'><strong>no</strong></span> <span class='ocrx_word' id='word_1_109' title='bbox 1020 2452 1224 2524; x_wconf 83' lang='lat' dir='ltr'><strong>processum</strong></span> <span class='ocrx_word' id='word_1_110' title='bbox 1245 2453 1366 2525; x_wconf 84' lang='lat' dir='ltr'><strong>perse·</strong></span> 
     </span>
     <span class='ocr_line' id='line_1_17' title="bbox 348 2555 1362 2653; baseline 0.001 -25"><span class='ocrx_word' id='word_1_111' title='bbox 348 2558 431 2652; x_wconf 89' lang='lat' dir='ltr'><strong>qui,</strong></span> <span class='ocrx_word' id='word_1_112' title='bbox 461 2558 631 2651; x_wconf 85' lang='lat' dir='ltr'><strong>optimam</strong></span> <span class='ocrx_word' id='word_1_113' title='bbox 663 2556 757 2648; x_wconf 81' lang='lat' dir='ltr'><strong>legat</strong></span> <span class='ocrx_word' id='word_1_114' title='bbox 785 2555 938 2627; x_wconf 86' lang='lat' dir='ltr'><strong>Dronkei</strong></span> <span class='ocrx_word' id='word_1_115' title='bbox 972 2555 1258 2629; x_wconf 74' lang='lat' dir='ltr'><strong>dissertationem</strong></span> <span class='ocrx_word' id='word_1_116' title='bbox 1294 2555 1362 2653; x_wconf 87' lang='lat'><strong>(3).</strong></span> 
     </span>
     <span class='ocr_line' id='line_1_18' title="bbox 349 2681 1364 2776; baseline -0.004 -20"><span class='ocrx_word' id='word_1_117' title='bbox 349 2683 675 2756; x_wconf 79' lang='lat' dir='ltr'><strong>Portesoutemduos</strong></span> <span class='ocrx_word' id='word_1_118' title='bbox 690 2703 711 2753; x_wconf 85' lang='lat' dir='ltr'><strong>n</strong></span> <span class='ocrx_word' id='word_1_119' title='bbox 726 2682 852 2755; x_wconf 86' lang='lat' dir='ltr'><strong>noteris</strong></span> <span class='ocrx_word' id='word_1_120' title='bbox 867 2681 1038 2769; x_wconf 82' lang='lat' dir='ltr'><strong>eximam,</strong></span> <span class='ocrx_word' id='word_1_121' title='bbox 1060 2693 1096 2754; x_wconf 86' lang='lat' dir='ltr'><strong>et</strong></span> <span class='ocrx_word' id='word_1_122' title='bbox 1115 2683 1199 2776; x_wconf 82' lang='lat' dir='ltr'><strong>quia</strong></span> <span class='ocrx_word' id='word_1_123' title='bbox 1217 2683 1364 2754; x_wconf 82' lang='lat' dir='ltr'><strong>maximi</strong></span> 
     </span>
     <span class='ocr_line' id='line_1_19' title="bbox 347 2804 1365 2899; baseline 0 -21"><span class='ocrx_word' id='word_1_124' title='bbox 347 2808 518 2880; x_wconf 90' lang='lat' dir='ltr'><strong>momenti</strong></span> <span class='ocrx_word' id='word_1_125' title='bbox 547 2818 631 2880; x_wconf 90' lang='lat' dir='ltr'><strong>sunt</strong></span> <span class='ocrx_word' id='word_1_126' title='bbox 657 2804 879 2878; x_wconf 83' lang='lat' dir='ltr'><strong>definiendas</strong></span> <span class='ocrx_word' id='word_1_127' title='bbox 910 2805 1064 2897; x_wconf 80' lang='lat' dir='ltr'><strong>eurnb03</strong></span> <span class='ocrx_word' id='word_1_128' title='bbox 1090 2827 1249 2899; x_wconf 81' lang='lat' dir='ltr'><strong>qnaernm</strong></span> <span class='ocrx_word' id='word_1_129' title='bbox 1282 2806 1365 2878; x_wconf 87' lang='lat' dir='ltr'><strong>hino</strong></span> 
     </span>
     <span class='ocr_line' id='line_1_20' title="bbox 346 2931 1435 3026; baseline 0.003 -25"><span class='ocrx_word' id='word_1_130' title='bbox 346 2932 501 3026; x_wconf 90' lang='lat' dir='ltr'><strong>primum</strong></span> <span class='ocrx_word' id='word_1_131' title='bbox 535 2951 655 3025; x_wconf 81' lang='lat' dir='ltr'><strong>quum·</strong></span> <span class='ocrx_word' id='word_1_132' title='bbox 675 2931 726 3002; x_wconf 73' lang='lat' dir='ltr'><strong>dir</strong></span> <span class='ocrx_word' id='word_1_133' title='bbox 755 2935 790 3000; x_wconf 78' lang='lat' dir='ltr'><strong>in</strong></span> <span class='ocrx_word' id='word_1_134' title='bbox 816 2931 1004 3023; x_wconf 81' lang='lat' dir='ltr'><strong>imperando</strong></span> <span class='ocrx_word' id='word_1_135' title='bbox 1034 2941 1250 3024; x_wconf 80' lang='lat' dir='ltr'><strong>potestatem,</strong></span> <span class='ocrx_word' id='word_1_136' title='bbox 1281 2931 1364 3003; x_wconf 90' lang='lat' dir='ltr'><strong>dein</strong></span> <span class='ocrx_word' id='word_1_137' title='bbox 1427 2988 1435 3004; x_wconf 80' lang='grc'><strong><em>,</em></strong></span> 
     </span>
     <span class='ocr_line' id='line_1_21' title="bbox 346 3052 1363 3148; baseline 0.002 -24"><span class='ocrx_word' id='word_1_138' title='bbox 346 3073 454 3148; x_wconf 84' lang='lat' dir='ltr'><strong>quum</strong></span> <span class='ocrx_word' id='word_1_139' title='bbox 488 3052 672 3123; x_wconf 67' lang='lat' dir='ltr'><strong>herodotum</strong></span> <span class='ocrx_word' id='word_1_140' title='bbox 703 3057 738 3122; x_wconf 81' lang='lat' dir='ltr'><strong>iu</strong></span> <span class='ocrx_word' id='word_1_141' title='bbox 771 3052 896 3144; x_wconf 67' lang='lat' dir='ltr'><strong>uuordo</strong></span> <span class='ocrx_word' id='word_1_142' title='bbox 934 3053 1114 3125; x_wconf 78' lang='lat' dir='ltr'><strong>libertatem</strong></span> <span class='ocrx_word' id='word_1_143' title='bbox 1136 3054 1363 3127; x_wconf 80' lang='lat' dir='ltr'><strong>constitutam</strong></span> 
     </span>
     <span class='ocr_line' id='line_1_22' title="bbox 346 3174 1362 3272; baseline 0.002 -24"><span class='ocrx_word' id='word_1_144' title='bbox 346 3177 532 3272; x_wconf 81' lang='lat' dir='ltr'><strong>AEsohylus</strong></span> <span class='ocrx_word' id='word_1_145' title='bbox 563 3175 754 3270; x_wconf 82' lang='lat' dir='ltr'><strong>putaverit.</strong></span> <span class='ocrx_word' id='word_1_146' title='bbox 787 3174 824 3247; x_wconf 78' lang='grc' dir='ltr'><strong>Α</strong></span> <span class='ocrx_word' id='word_1_147' title='bbox 851 3175 1065 3270; x_wconf 89' lang='lat' dir='ltr'><strong>posteriore,</strong></span> <span class='ocrx_word' id='word_1_148' title='bbox 1101 3197 1183 3270; x_wconf 81' lang='lat' dir='ltr'><strong>quae</strong></span> <span class='ocrx_word' id='word_1_149' title='bbox 1216 3177 1362 3250; x_wconf 86' lang='lat' dir='ltr'><strong>brevius</strong></span> 
     </span>
     <span class='ocr_line' id='line_1_23' title="bbox 345 3301 1286 3397; baseline 0 -21"><span class='ocrx_word' id='word_1_150' title='bbox 345 3301 479 3397; x_wconf 85' lang='lat' dir='ltr'><strong>exponi</strong></span> <span class='ocrx_word' id='word_1_151' title='bbox 499 3310 630 3396; x_wconf 85' lang='lat' dir='ltr'><strong>potest,</strong></span> <span class='ocrx_word' id='word_1_152' title='bbox 648 3302 848 3395; x_wconf 77' lang='lat' dir='ltr'><strong>quaestione</strong></span> <span class='ocrx_word' id='word_1_153' title='bbox 863 3302 894 3373; x_wconf 93' lang='lat' dir='ltr'><strong>si</strong></span> <span class='ocrx_word' id='word_1_154' title='bbox 910 3301 1026 3396; x_wconf 84' lang='lat' dir='ltr'><strong>ptaoet</strong></span> <span class='ocrx_word' id='word_1_155' title='bbox 1042 3303 1286 3377; x_wconf 81' lang='lat' dir='ltr'><strong>exordiemur.</strong></span> 
     </span>
    </p>

    <p class='ocr_par' dir='ltr' id='par_1_4' title="bbox 393 3427 1361 3540">
     <span class='ocr_line' id='line_1_24' title="bbox 393 3427 1361 3540; baseline 0.001 -41"><span class='ocrx_word' id='word_1_156' title='bbox 393 3428 524 3500; x_wconf 85' lang='lat' dir='ltr'><strong>Crebro</strong></span> <span class='ocrx_word' id='word_1_157' title='bbox 546 3427 584 3499; x_wconf 92' lang='lat' dir='ltr'><strong>id</strong></span> <span class='ocrx_word' id='word_1_158' title='bbox 597 3439 805 3522; x_wconf 82' lang='lat' dir='ltr'><strong>usurpatum</strong></span> <span class='ocrx_word' id='word_1_159' title='bbox 825 3437 880 3498; x_wconf 88' lang='lat' dir='ltr'><strong>est</strong></span> <span class='ocrx_word' id='word_1_160' title='bbox 899 3428 935 3498; x_wconf 92' lang='lat' dir='ltr'><strong>in</strong></span> <span class='ocrx_word' id='word_1_161' title='bbox 952 3427 1149 3540; x_wconf 71' lang='lat' dir='ltr'><strong>AEsohyleis</strong></span> <span class='ocrx_word' id='word_1_162' title='bbox 1169 3429 1299 3502; x_wconf 78' lang='lat' dir='ltr'><strong>tubulis</strong></span> <span class='ocrx_word' id='word_1_163' title='bbox 1315 3430 1361 3500; x_wconf 92' lang='lat' dir='ltr'><strong>ir·</strong></span> 
     </span>
    </p>
   </div>
   <div class='ocr_carea' id='block_1_3' title="bbox 231 3549 1362 3644">
    <p class='ocr_par' dir='ltr' id='par_1_5' title="bbox 231 3549 1362 3644">
     <span class='ocr_line' id='line_1_25' title="bbox 231 3549 1362 3644; baseline 0 -22"><span class='ocrx_word' id='word_1_164' title='bbox 231 3639 233 3644; x_wconf 17' lang='grc' dir='ltr'><strong><em>ι</em></strong></span> <span class='ocrx_word' id='word_1_165' title='bbox 345 3550 538 3624; x_wconf 76' lang='lat' dir='ltr'><strong>resonabili</strong></span> <span class='ocrx_word' id='word_1_166' title='bbox 547 3549 672 3622; x_wconf 84' lang='lat' dir='ltr'><strong>divina</strong></span> <span class='ocrx_word' id='word_1_167' title='bbox 682 3549 1072 3642; x_wconf 81' lang='lat' dir='ltr'><strong>etquehumnnnoursn</strong></span> <span class='ocrx_word' id='word_1_168' title='bbox 1084 3551 1183 3642; x_wconf 85' lang='lat' dir='ltr'><strong>vehi,</strong></span> <span class='ocrx_word' id='word_1_169' title='bbox 1193 3562 1362 3623; x_wconf 86' lang='lat' dir='ltr'><strong>mentem·</strong></span> 
     </span>
    </p>
   </div>
   <div class='ocr_carea' id='block_1_4' title="bbox 343 3668 1360 3772">
    <p class='ocr_par' dir='ltr' id='par_1_6' title="bbox 343 3668 1360 3772">
     <span class='ocr_line' id='line_1_26' title="bbox 343 3668 1360 3772; baseline 0.001 -23"><span class='ocrx_word' id='word_1_170' title='bbox 343 3699 414 3772; x_wconf 88' lang='lat' dir='ltr'><strong>que</strong></span> <span class='ocrx_word' id='word_1_171' title='bbox 427 3678 581 3751; x_wconf 91' lang='lat' dir='ltr'><strong>hominis</strong></span> <span class='ocrx_word' id='word_1_172' title='bbox 593 3668 778 3752; x_wconf 82' lang='lat' dir='ltr'><strong>voluntate</strong></span> <span class='ocrx_word' id='word_1_173' title='bbox 788 3677 899 3750; x_wconf 79' lang='lat' dir='ltr'><strong>tibere</strong></span> <span class='ocrx_word' id='word_1_174' title='bbox 917 3679 1104 3772; x_wconf 82' lang='lat' dir='ltr'><strong>spoliatum</strong></span> <span class='ocrx_word' id='word_1_175' title='bbox 1118 3701 1158 3751; x_wconf 87' lang='lat' dir='ltr'><strong>eo</strong></span> <span class='ocrx_word' id='word_1_176' title='bbox 1173 3684 1360 3752; x_wconf 67' lang='lat' dir='ltr'><strong>decoritate</strong></span> 
     </span>
    </p>
   </div>
   <div class='ocr_carea' id='block_1_5' title="bbox 373 3987 1015 4256">
    <p class='ocr_par' dir='ltr' id='par_1_7' title="bbox 373 3987 1015 4256">
     <span class='ocr_line' id='line_1_27' title="bbox 378 3987 846 4060; baseline -0.009 -14"><span class='ocrx_word' id='word_1_177' title='bbox 378 3987 581 4060; x_wconf 73' lang='lat' dir='ltr'><strong>(1)thelsb.,</strong></span> <span class='ocrx_word' id='word_1_178' title='bbox 596 3987 633 4043; x_wconf 77' lang='lat' dir='ltr'><strong>Be</strong></span> <span class='ocrx_word' id='word_1_179' title='bbox 647 3987 739 4056; x_wconf 65' lang='lat' dir='ltr'><strong>redu„</strong></span> <span class='ocrx_word' id='word_1_180' title='bbox 754 4003 785 4059; x_wconf 85' lang='lat' dir='ltr'><strong>p.</strong></span> <span class='ocrx_word' id='word_1_181' title='bbox 801 3987 846 4044; x_wconf 76' lang='lat' dir='ltr'><strong>dd.</strong></span> 
     </span>
     <span class='ocr_line' id='line_1_28' title="bbox 377 4084 949 4158; baseline 0 -15"><span class='ocrx_word' id='word_1_182' title='bbox 377 4086 417 4158; x_wconf 73' lang='lat' dir='ltr'><strong>(t)</strong></span> <span class='ocrx_word' id='word_1_183' title='bbox 432 4084 582 4152; x_wconf 81' lang='lat' dir='ltr'><strong>Welotter‚</strong></span> <span class='ocrx_word' id='word_1_184' title='bbox 601 4084 702 4153; x_wconf 65' lang='lat' dir='ltr'><strong>tritos.</strong></span> <span class='ocrx_word' id='word_1_185' title='bbox 721 4086 825 4154; x_wconf 73' lang='lat' dir='ltr'><strong>From..</strong></span> <span class='ocrx_word' id='word_1_186' title='bbox 840 4101 870 4157; x_wconf 84' lang='lat' dir='ltr'><strong>p.</strong></span> <span class='ocrx_word' id='word_1_187' title='bbox 886 4085 949 4143; x_wconf 74' lang='lat'><strong>485.</strong></span> 
     </span>
     <span class='ocr_line' id='line_1_29' title="bbox 373 4181 1015 4256; baseline -0.003 -14"><span class='ocrx_word' id='word_1_188' title='bbox 373 4186 411 4256; x_wconf 76' lang='lat'><strong>(3)</strong></span> <span class='ocrx_word' id='word_1_189' title='bbox 434 4183 637 4254; x_wconf 72' lang='lat' dir='ltr'><strong>Vorstellunysn</strong></span> <span class='ocrx_word' id='word_1_190' title='bbox 652 4199 682 4240; x_wconf 90' lang='lat' dir='ltr'><strong>u.</strong></span> <span class='ocrx_word' id='word_1_191' title='bbox 698 4181 772 4244; x_wconf 66' lang='grc'><strong>(1.8.</strong></span> <span class='ocrx_word' id='word_1_192' title='bbox 785 4181 861 4238; x_wconf 87' lang='lat' dir='ltr'><strong>Vide</strong></span> <span class='ocrx_word' id='word_1_193' title='bbox 874 4181 1015 4248; x_wconf 77' lang='lat' dir='ltr'><strong>tudinem.</strong></span> 
     </span>
    </p>
   </div>
   <div class='ocr_carea' id='block_1_6' title="bbox 0 0 1630 5120">
    <p class='ocr_par' dir='ltr' id='par_1_8' title="bbox 0 0 1630 5120">
     <span class='ocr_line' id='line_1_30' title="bbox 0 0 1630 5120; baseline 0 6"><span class='ocrx_word' id='word_1_194' title='bbox 0 0 1630 5120; x_wconf 95' lang='lat' dir='ltr'><strong> </strong></span> 
     </span>
    </p>
   </div>
  </div>
 </body>
</html>
