3254 5112
769 478 930 540 ..92-

338 617 396 689 hic
414 616 598 688 imminuta
618 625 684 706 est,
706 637 848 710 aequum
868 626 993 688 censet
1011 615 1192 690 bominem
1211 637 1356 710 parere,
1414 621 1416 626 ’

339 743 561 814 modosensu
573 764 659 814 vero
670 742 915 834 intelligantur
928 763 993 828 nec
1004 743 1155 835 justitiae
1164 743 1355 816 obsonant.

339 867 392 938 Ex
422 890 543 940 eorum
577 877 694 939 antem
725 867 942 939 obscuritate
970 867 1029 938 val
1059 867 1194 940 incerto
1224 880 1357 940 eventu

341 993 457 1082 ducit,
479 1004 518 1064 ut
544 993 760 1088 Sophocles,
782 992 956 1087 quidquid
978 992 1024 1063 ad
1044 993 1243 1064 fabularum
1264 1015 1359 1066 com-

341 1119 553 1212 positionem
579 1129 640 1190 ant
665 1118 835 1192 orationis
855 1119 1003 1210 gratiam
1032 1118 1127 1191 valet
1149 1117 1217 1214 (l)
1237 1119 1361 1192 Libere

343 1264 429 1315 vero
454 1243 581 1334 agendi
607 1252 815 1337 potestatem
844 1242 1028 1314 contendit
1059 1243 1193 1337 ubique
1225 1243 1260 1313 in
1288 1245 1362 1317 vita

343 1367 550 1438 mortalibus
589 1367 816 1456 consistere3
860 1367 975 1438 scelus
1026 1389 1212 1461 nunquam
1256 1390 1362 1441 veros

342 1492 492 1583 jussisse
512 1492 623 1580 deos3
648 1492 737 1562 falsa
762 1491 906 1586 quidem
931 1502 964 1563 et
991 1489 1073 1563 ficta
1101 1493 1247 1565 omnino
1264 1493 1362 1585 judi-

345 1617 458 1690 oauda
482 1639 704 1711 quaecunque
728 1617 868 1690 oracula
896 1628 959 1689 aut
986 1618 1178 1690 caelestium
1200 1620 1365 1691 mandata

347 1750 411 1812 aut
435 1741 512 1812 dira
532 1741 601 1811 fata
628 1741 789 1812 scelerati
814 1763 855 1813 ac
875 1741 1055 1815 libidinosi
1084 1741 1246 1815 homines
1263 1753 1365 1839 turpe

349 1865 449 1938 lactis
477 1876 513 1937 et
544 1867 705 1940 nefandis
731 1867 890 1939 moribus
918 1868 1205 1962 praetenderunt;
1235 1871 1366 1964 quippe

348 2011 500 2083 quorum
532 1991 638 2062 fuerit
666 2011 730 2062 sua
764 1990 894 2084 cuique
916 1992 1006 2063 daus
1035 1992 1111 2064 dira
1134 1992 1265 2086 cupido
1294 1991 1363 2089 (2).

350 2113 531 2210 Quidquid
563 2128 744 2212 peccatum
774 2127 847 2204 est,
870 2137 1092 2211 quacumque
1112 2119 1158 2190 de
1176 2140 1281 2191 causa
1300 2118 1365 2200 ho-

351 2240 464 2312 mines
494 2263 533 2312 se
568 2263 734 2334 peccasse
764 2251 971 2334 querantur,
997 2262 1100 2335 aeque
1126 2242 1366 2314 damnandum

351 2365 571 2458 pronuntiat.
588 2364 691 2450 Quod
710 2389 819 2460 quum
838 2366 997 2438 defendit
1012 2353 1212 2461 Euripides,
1230 2370 1365 2441 severi·

350 2499 456 2561 tatem
476 2489 572 2561 illam
593 2501 627 2561 et
654 2491 727 2561 vim
747 2491 928 2584 cogitandi
958 2491 1171 2585 dicendique
1198 2504 1251 2564 est
1270 2515 1366 2566 asse·

351 2625 454 2686 cutus
473 2637 579 2709 quam
601 2616 835 2689 recentiorum
862 2637 967 2689 nemo
992 2639 1145 2711 unquam
1166 2619 1359 2712 superavit.

400 2741 438 2812 ld
466 2763 552 2815 vero
578 2741 800 2838 potissimum
821 2742 980 2814 defendit
1004 2741 1136 2813 deorum
1159 2765 1225 2814 5115
1242 2745 1364 2838 fotura
1441 2822 1442 2828 γ

351 2871 430 2937 rofre
446 2863 603 2962 (Phoco,
624 2867 695 2936 955
711 2864 760 2961 s.)
781 2888 863 2959 quae
887 2866 953 2938 soli
973 2864 1114 2938 efficere
1131 2877 1277 2960 possunt
1294 2864 1361 2962 (Cf.

388 3146 424 3218 (1)
441 3145 531 3201 Verbi
555 3164 644 3203 causa
664 3148 751 3216 lpbt'p.
771 3149 1062 3215 11151.,515,51ωλεν
1084 3164 1116 3218 ὡς
1134 3163 1211 3212 ὄλωλε
1231 3167 1282 3220 aas:
1302 3163 1366 3214 223⁶.

351 3269 401 3310 σιν,
415 3250 471 3299 etc.
487 3273 521 3310 -,-
536 3243 578 3300 Cf.
596 3244 631 3299 de
645 3245 827 3300 oraculorum
842 3245 950 3302 divitiis
964 3249 1023 3319 lplt.
1044 3249 1139 3314 Toou,
1156 3251 1225 3307 1275
1240 3257 1269 3306 et
1283 3268 1320 3314 s..
1338 3258 1368 3308 51

353 3341 388 3398 de
403 3343 529 3400 oraculis
543 3342 650 3414 quibus
665 3343 815 3414 injustitiae
828 3350 878 3399 aut
891 3346 998 3402 erroris
1008 3348 1117 3403 crimen
1132 3347 1269 3420 objicitur
1283 3351 1365 3406 Eloct.

354 3441 415 3504 979.
433 3440 512 3497 tara.

390 3539 496 3609 (1)(31.
524 3537 643 3594 Helenae
668 3539 805 3595 versibus
829 3539 1040 3613 Schaxperium
1060 3543 1089 3597 in
1116 3545 1250 3600 versione
1268 3543 1370 3615 gallica

354 3636 488 3710 (Guizot,
506 3637 544 3708 V,
561 3657 590 3711 p.
607 3639 655 3702 23,
672 3640 705 3694 15
720 3642 765 3693 rof
777 3640 856 3710 teor,
873 3637 896 3704 I,
913 3639 940 3711 f,
956 3638 1089 3695 Edmond
1107 3663 1113 3696 :
1132 3661 1146 3694 1
1163 3641 1246 3697 Voila
1262 3643 1327 3698 bien
1343 3643 1370 3698 15

353 3733 513 3806 singulibre
527 3737 737 3808 impertinence
757 3737 796 3791 du
820 3736 944 3792 monde!
960 3737 1051 3793 Notre
1065 3739 1179 3795 fortune
1201 3757 1233 3794 se
1253 3745 1370 3795 trouve-

353 3834 434 3890 t=elle
449 3833 559 3890 malade
575 3844 700 3891 souvent
714 3853 766 3908 par
782 3851 839 3891 une
849 3835 998 3907 plenitude
1009 3837 1044 3892 de
1054 3839 1202 3893 mauvaise
1217 3835 1369 3907 conduite,

355 3947 430 3989 nous
445 3948 589 3988 accusons
605 3933 640 3988 de
656 3949 710 3988 uos
725 3933 873 3989 desastres
884 3936 911 3989 le
922 3935 1021 4005 soleil,
1038 3934 1065 3989 15
1076 3935 1145 3989 lune
1157 3941 1188 3990 et
1200 3935 1243 3989 les
1257 3933 1370 4005 etoiles,

355 4045 469 4087 comme
482 4031 509 4085 si
524 4046 598 4086 nous
614 4029 709 4085 etions
723 4031 845 4086 infames
860 4047 913 4102 par
927 4029 1371 4107 1155555115,1555511551511115

354 4129 530 4204 imparieuse
545 4131 661 4185 volonte
675 4128 714 4184 du
727 4129 796 4200 ciel,
814 4135 870 4186 etc.
889 4150 900 4182 ι
