3254 5112
680 493 779 560 ..¹77
801 532 842 546 -

245 641 334 716 linis
359 641 583 736 pertinaciae,
607 659 688 733 quae
713 638 916 732 cupiditatis
943 659 1047 732 poena
1074 640 1191 710 lutura
1217 639 1266 712 sit

24 709 26 836 1
245 766 470 861 opperimur.
483 758 574 836 Nihil
593 763 690 835 aliud
710 774 812 835 vates
826 785 931 857 quam
945 785 1026 857 quae
1042 765 1153 834 suasit
1170 762 1264 836 lilius

250 891 365 984 patri,
392 891 526 983 majore
554 889 763 960 auctoritate
790 889 908 961 iterat.
929 887 994 958 Per
1020 910 1100 959 eum
1122 888 1167 959 de
1198 888 1263 961 ho·

250 1015 349 1087 mine
369 1025 473 1088 antea
500 1015 676 1108 prudente
704 1014 938 1108 experiuntur
961 1024 1040 1108 post
1061 1015 1170 1086 multa
1195 1013 1264 1087 alia

252 1140 323 1212 lroc
340 1141 503 1211 ultimum
527 1139 563 1211 di
579 1135 632 1233 (l)
650 1139 680 1210 si
700 1159 769 1231 qua
787 1138 831 1209 ad
850 1137 1023 1230 justitiam
1045 1138 1167 1213 reduci
1182 1158 1264 1232 pos-

248 1263 310 1334 sit.
332 1263 434 1348 Quod
452 1263 512 1334 uhi
536 1263 663 1333 frustra
684 1261 768 1349 luit,
791 1271 826 1333 et
845 1263 1027 1333 nuntiatur
1044 1272 1080 1334 et
1100 1262 1265 1356 sequitur

253 1408 325 1459 non
344 1406 437 1457 caeca
455 1407 520 1457 nec
536 1386 663 1457 claudo
688 1387 778 1480 pede
798 1408 914 1480 poena.

301 1509 346 1584 Ut
364 1511 483 1582 omnia
497 1532 578 1604 quae
596 1511 672 1581 dixi
692 1509 737 1582 de
754 1511 928 1605 Sophocle
943 1510 1167 1601 concludam,
1186 1520 1263 1582 stu·

205 1654 207 1663 ’
253 1636 330 1706 duit
356 1635 547 1706 humanam
575 1636 635 1708 ille
662 1645 824 1707 naturam
849 1635 1042 1728 effingere,
1068 1645 1104 1707 et
1123 1634 1264 1708 intimos

252 1780 483 1853 personarum
503 1759 721 1852 singularum
740 1781 866 1832 sensns
884 1762 1068 1854 persequi,
1091 1781 1207 1853 neque
1227 1758 1264 1830 in

249 1884 310 1954 illa
351 1895 426 1956 arte
467 1885 660 1978 quidquam
704 1886 761 1956 vel
803 1885 961 1978 neglexit
1001 1886 1057 1970 vel
1103 1883 1266 1970 tractavit

253 2009 344 2080 male
363 2007 432 2107 (2).
455 2010 715 2082 Divinationem
740 2032 827 2085 vero
856 2011 919 2082 vix
944 2009 1162 2082 tolerabilem
1182 2030 1263 2081 cen·

246 2134 336 2222 suit,
356 2135 438 2206 etin
451 2135 580 2206 sabulis
595 2136 669 2206 suis
687 2135 751 2207 vix
766 2135 947 2207 toleravit.
965 2134 1102 2206 Partem
1118 2134 1264 2227 quidem

247 2258 329 2352 ejus
346 2280 452 2330 unam
470 2311 480 2348 ,
500 2281 570 2353 qua
588 2281 748 2331 summus
765 2260 880 2332 inerat
896 2270 933 2332 et
947 2259 1056 2331 animi
1076 2271 1111 2331 et
1135 2259 1264 2331 oratio·

251 2381 307 2453 nis
332 2382 506 2476 impetus,
539 2383 638 2454 velut
663 2392 863 2477 suspectam
891 2383 1150 2476 dementiaeque
1183 2403 1265 2477 pro·

253 2505 386 2599 piorem
412 2505 557 2578 omnino
581 2506 745 2596 sustulit;
772 2507 917 2580 alteram
946 2507 995 2578 ita
1025 2507 1136 2578 tenuit
1168 2514 1207 2576 ut
1232 2504 1264 2578 si

251 2631 393 2724 quando
413 2631 499 2702 utile
519 2643 635 2719 esset,
657 2631 703 2702 ad
728 2632 997 2725 exprimendam
1018 2632 1166 2723 alicujus
1187 2652 1264 2725 per·

251 2776 349 2826 sonae
368 2765 530 2826 naturam
554 2766 615 2826 aut
637 2755 789 2827 subitam
814 2755 850 2825 in
874 2756 1013 2828 actione
1033 2755 1263 2828 mutationem

251 2878 562 2952 demonstrandam
589 2880 842 2969 adhiberetur;
869 2881 932 2951 sod
961 2881 1058 2951 nullo
1083 2880 1188 2953 modo
1209 2881 1262 2974 ip·

245 3005 324 3078 ¹sius
349 3006 434 3076 artis
454 3005 643 3098 imaginem
661 3005 816 3099 aliquam
834 3005 902 3077 sibi
922 3005 1123 3100 proposuit,
1146 3027 1262 3100 nequa

252 3153 355 3204 veros
379 3143 483 3214 uates
511 3131 680 3205 inducere
710 3132 837 3206 voluit.
865 3129 962 3204 Unus
990 3132 1093 3206 adest
1110 3132 1261 3204 Tiresias

250 3257 312 3329 vix
329 3257 472 3351 quidem
490 3257 526 3328 in
544 3259 709 3354 AEschylo
727 3260 942 3347 nominatus,
964 3259 1022 3358 hio
1041 3257 1161 3330 indole
1178 3276 1262 3350 qua·

245 3379 330 3451 dam
349 3375 509 3470 indutus,
529 3383 594 3455 sed
613 3384 659 3455 ad
681 3384 804 3455 tertias
820 3392 977 3455 remotus
992 3393 1122 3476 partes,
1145 3401 1261 3474 neque

251 3507 322 3578 ullo
352 3509 457 3579 modo
483 3508 679 3603 AEschyleis
704 3510 864 3602 personis
889 3506 1161 3600 comparandus
1190 3505 1261 3577 Sed

250 3652 321 3702 non
342 3632 428 3702 tanti
454 3643 527 3720 est,
548 3654 657 3725 quum
677 3654 815 3704 summa
835 3632 929 3702 illins
946 3632 1078 3702 veritas
1097 3640 1133 3702 et
1152 3653 1260 3726 praes·

248 3757 358 3828 tantia
378 3755 640 3848 elegantissima
660 3777 890 3850 personarum
911 3755 1170 3850 descriptione,
1188 3767 1261 3828 sta·

289 4067 322 4136 tl)
339 4066 399 4124 Ort.
415 4067 528 4134 Miiller,
543 4068 573 4123 in
595 4069 662 4124 Vera.
674 4067 757 4132 dull..
774 4065 811 4134 Il,
826 4085 855 4140 p.
874 4067 938 4126 161.

282 4164 323 4234 (2)
338 4163 456 4232 Jacobs,
471 4165 629 4235 Nachtraoc
641 4181 677 4219 zu
691 4164 801 4223 Sttlzers
814 4166 923 4236 allecta.
942 4165 1072 4235 Thoaris,
1087 4164 1140 4234 IV,
1154 4184 1183 4240 p.
1196 4166 1265 4239 tlt,
