3254 5112
685 579 846 641 ..89-

252 716 487 810 videbantur,
508 715 543 785 id
565 725 682 786 estne
701 715 738 784 in
759 736 850 785 vana
877 736 919 786 ac
946 716 1143 810 periculosa
1171 718 1272 790 laser·

255 841 348 911 viret
368 851 403 911 et
423 861 487 933 pro
511 840 607 911 veris
632 851 667 911 et
695 840 888 932 ingeniosis
912 841 1031 912 omnia
1053 842 1273 914 existimaret

253 986 359 1038 nova.
392 967 525 1057 Utrique
550 968 687 1058 tempori
712 988 778 1036 sese
808 977 914 1036 noster
942 969 1215 1055 accommodavit,
1237 973 1273 1040 et

253 1090 444 1183 aequalium
476 1091 653 1161 mentibus
678 1100 717 1160 ut
741 1089 889 1161 calcaria
916 1092 1034 1184 prius,
1072 1093 1123 1164 sic
1151 1103 1273 1186 postea

255 1214 354 1285 frena
375 1214 548 1285 admovit.
578 1213 644 1285 Ubi
671 1215 849 1308 publicum
879 1215 992 1285 adluit
1020 1217 1215 1309 periculum
1239 1226 1274 1290 et

258 1337 420 1409 homines
439 1338 500 1432 qui
519 1338 619 1430 quasi
641 1338 801 1410 ollioinas
819 1338 1060 1410 instruxerant
1074 1341 1271 1436 sapientiae,

256 1463 462 1554 religionem
494 1463 663 1554 legesque
689 1462 828 1531 libidini
857 1484 933 1532 suae
954 1462 1226 1557 substraverunt
1239 1474 1276 1536 et

259 1609 318 1657 eas
338 1587 456 1681 specie
471 1587 672 1678 corrigendi
695 1587 852 1658 funditus
877 1598 1101 1684 everterunt,
1126 1599 1273 1660 statum·

259 1734 330 1806 que
348 1733 490 1783 omnem
521 1711 781 1783 labefactarunt
806 1712 979 1803 civitatis,
1004 1736 1113 1805 quum
1140 1714 1186 1784 ad
1214 1736 1275 1787 eos

258 1837 404 1907 accessit
419 1837 552 1907 elamor
571 1847 605 1906 et
621 1837 828 1930 approbatio
847 1837 967 1930 populi
988 1859 1184 1931 eorumque
1199 1860 1272 1909 me-

261 1983 340 2032 raca
370 1962 531 2034 doctrina
557 1962 664 2033 avide
684 1961 810 2032 hausta
839 1963 939 2033 velut
958 1963 1051 2032 ebrii
1076 1984 1199 2034 omnes
1221 1963 1274 2033 in·
1363 2035 1371 2046 ,

261 2087 448 2158 saniebaut
468 2088 642 2181 longeque
662 2109 681 2157 a
703 2089 824 2182 patriis
844 2088 1014 2158 institutis
1036 2098 1072 2160 et
1089 2089 1276 2182 rapieban·
1320 2167 1332 2173 a
1371 2076 1382 2098 ”

258 2223 315 2282 tur
345 2223 381 2282 et
406 2213 648 2304 vagabantur,
684 2213 870 2305 Euripides
906 2214 950 2283 ab
982 2214 1147 2287 insolenti
1175 2194 1277 2308 parte

260 2337 376 2407 statim
399 2309 581 2424 discessit,
600 2347 635 2406 et
651 2337 750 2429 quasi
772 2337 916 2407 lulmine
937 2337 1089 2430 quodam
1112 2337 1272 2429 afflatus,

264 2461 320 2530 vel
354 2460 471 2553 potius
502 2461 561 2530 uni
590 2481 715 2552 aequus
745 2461 867 2530 virtuti
898 2471 1005 2553 atque
1031 2464 1108 2552 ejus
1141 2464 1278 2534 amicus

262 2606 331 2656 non
349 2587 422 2676 jam
444 2586 550 2675 deos,
571 2609 720 2680 quorum
741 2588 857 2656 luerat
877 2597 945 2656 tam
967 2609 1093 2680 parcus
1109 2587 1223 2658 cultor
1240 2597 1276 2660 et

261 2710 484 2801 infrequens,
520 2711 582 2780 sed
612 2732 723 2781 vanos
758 2731 878 2780 eorum
914 2711 1142 2782 insectatores
1168 2712 1277 2784 laces·

261 2834 365 2923 sivit,
388 2855 582 2927 eorumque
611 2835 721 2903 illusit
740 2837 777 2904 τὸ
801 2837 892 2926 σοφόν
912 2834 997 2904 illud
1019 2835 1114 2936 quud
1134 2837 1275 2930 sapien-

269 2959 314 3029 tia
333 2969 449 3046 oaret,
472 2959 637 3053 superbia
658 2959 800 3043 nititur,
826 2958 942 3029 omnia
963 2959 1095 3030 scelera
1116 2982 1157 3031 ac
1176 2959 1275 3054 ssagi·

264 3084 311 3154 tia
328 3094 476 3156 excusat
492 3085 644 3176 (Buccis,
660 3082 749 3172 200,
769 3082 859 3171 203,
879 3085 971 3174 655,
995 3084 1117 3182 tatu).
1136 3085 1222 3170 Quae
1240 3087 1277 3158 in

266 3210 396 3303 populo
415 3209 614 3280 atheniensi
639 3209 741 3280 toties
766 3209 832 3279 hac
856 3218 959 3280 aetate
985 3210 1277 3281 animadvertitur

264 3334 516 3418 inconstantia,
543 3334 606 3404 sed
631 3333 747 3404 subita
765 3344 800 3403 et
816 3335 931 3404 omnis
948 3355 1075 3426 expers
1095 3334 1151 3403 vel
1171 3333 1276 3404 ratio-

265 3458 396 3529 nisvel
418 3458 663 3543 humanitatis,
691 3458 785 3526 illius
811 3457 873 3526 sed
897 3458 1002 3547 justae
1025 3476 1067 3525 ac
1094 3455 1281 3548 prudentis⁴

266 3602 336 3651 non
351 3581 554 3674 Euripidem
574 3580 700 3674 puduit
716 3590 794 3674 post
810 3579 938 3649 multos
955 3599 1085 3666 annos,
1105 3590 1143 3649 ut
1155 3579 1278 3674 patriae

266 3704 509 3776 auxiliaretur.
531 3705 652 3796 Neque
673 3705 707 3774 id
727 3704 871 3775 omnino
890 3705 966 3795 ejus
984 3704 1086 3774 indoti
1105 3727 1278 3798 repugna·

267 3832 331 3903 vit.
357 3832 501 3903 Graecus
528 3831 622 3901 enim
650 3830 840 3926 admodum
867 3841 964 3918 erat,
988 3830 1024 3900 id
1044 3841 1097 3903 est
1113 3853 1154 3903 ea
1174 3842 1279 3924 gente

268 3959 328 4028 ubi
345 3957 683 4031 commendabantur
695 3979 715 4027 a
728 3957 840 4050 poetis
862 3968 931 4028 tres
946 3958 1016 4028 illae
1033 3958 1183 4028 virtutes
1200 3957 1278 4050 qui·

266 4084 333 4154 hus
344 4087 473 4177 pariter
484 4083 522 4152 Di
535 4095 770 4176 parentesque
780 4103 819 4153 ac
829 4082 926 4174 leges
941 4083 1101 4155 colendae
1111 4081 1279 4152 videban-

270 4205 1281 4302 tur,quarumconjunouonefiehatflorentissimaingenit
