<?xml version="1.0" encoding="UTF-8"?>
<!DOCTYPE html PUBLIC "-//W3C//DTD XHTML 1.0 Transitional//EN"
    "http://www.w3.org/TR/xhtml1/DTD/xhtml1-transitional.dtd">
<html xmlns="http://www.w3.org/1999/xhtml" xml:lang="en" lang="en">
 <head>
  <title>
</title>
<meta http-equiv="Content-Type" content="text/html;charset=utf-8" />
  <meta name='ocr-system' content='tesseract 3.04.00' />
  <meta name='ocr-capabilities' content='ocr_page ocr_carea ocr_par ocr_line ocrx_word'/>
</head>
<body>
  <div class='ocr_page' id='page_1' title='image "./devaticinatione00thomgoog_0062.png"; bbox 0 0 3250 5120; ppageno 0'>
   <div class='ocr_carea' id='block_1_1' title="bbox 623 569 783 632">
    <p class='ocr_par' dir='ltr' id='par_1_1' title="bbox 623 569 783 632">
     <span class='ocr_line' id='line_1_1' title="bbox 623 569 783 632; baseline 0 -14"><span class='ocrx_word' id='word_1_1' title='bbox 623 569 783 632; x_wconf 75' lang='grc'>...41-</span> 
     </span>
    </p>
   </div>
   <div class='ocr_carea' id='block_1_2' title="bbox 187 705 1311 3920">
    <p class='ocr_par' dir='ltr' id='par_1_2' title="bbox 187 705 1287 2152">
     <span class='ocr_line' id='line_1_2' title="bbox 192 705 1207 802; baseline -0.007 -18"><span class='ocrx_word' id='word_1_2' title='bbox 192 711 352 784; x_wconf 87' lang='lat' dir='ltr'>oratione</span> <span class='ocrx_word' id='word_1_3' title='bbox 370 707 557 802; x_wconf 82' lang='lat' dir='ltr'>explanat3</span> <span class='ocrx_word' id='word_1_4' title='bbox 578 707 638 778; x_wconf 93' lang='lat' dir='ltr'>ubi</span> <span class='ocrx_word' id='word_1_5' title='bbox 654 729 740 780; x_wconf 89' lang='lat' dir='ltr'>vero</span> <span class='ocrx_word' id='word_1_6' title='bbox 756 705 929 779; x_wconf 82' lang='lat' dir='ltr'>Mercurio</span> <span class='ocrx_word' id='word_1_7' title='bbox 949 707 1122 800; x_wconf 91' lang='lat' dir='ltr'>quidquid</span> <span class='ocrx_word' id='word_1_8' title='bbox 1143 707 1207 777; x_wconf 93' lang='lat' dir='ltr'>im·</span> 
     </span>
     <span class='ocr_line' id='line_1_3' title="bbox 191 831 1206 930; baseline -0.004 -24"><span class='ocrx_word' id='word_1_9' title='bbox 191 845 352 930; x_wconf 91' lang='lat' dir='ltr'>peratum</span> <span class='ocrx_word' id='word_1_10' title='bbox 372 847 426 906; x_wconf 90' lang='lat' dir='ltr'>est</span> <span class='ocrx_word' id='word_1_11' title='bbox 443 833 643 920; x_wconf 86' lang='lat' dir='ltr'>recusavit,</span> <span class='ocrx_word' id='word_1_12' title='bbox 665 833 760 926; x_wconf 92' lang='lat' dir='ltr'>quod</span> <span class='ocrx_word' id='word_1_13' title='bbox 780 853 888 903; x_wconf 90' lang='lat' dir='ltr'>unum</span> <span class='ocrx_word' id='word_1_14' title='bbox 906 831 1035 903; x_wconf 90' lang='lat' dir='ltr'>misero</span> <span class='ocrx_word' id='word_1_15' title='bbox 1055 831 1206 902; x_wconf 89' lang='lat' dir='ltr'>liberum</span> 
     </span>
     <span class='ocr_line' id='line_1_4' title="bbox 193 953 1209 1052; baseline -0.005 -21"><span class='ocrx_word' id='word_1_16' title='bbox 193 971 268 1031; x_wconf 87' lang='lat' dir='ltr'>erat</span> <span class='ocrx_word' id='word_1_17' title='bbox 292 958 473 1046; x_wconf 89' lang='lat' dir='ltr'>relictum,</span> <span class='ocrx_word' id='word_1_18' title='bbox 503 978 542 1028; x_wconf 92' lang='lat' dir='ltr'>os</span> <span class='ocrx_word' id='word_1_19' title='bbox 571 953 708 1052; x_wconf 76' lang='grc' dir='ltr'>(στόμα)</span> <span class='ocrx_word' id='word_1_20' title='bbox 732 955 927 1046; x_wconf 83' lang='lat' dir='ltr'>clauditur3</span> <span class='ocrx_word' id='word_1_21' title='bbox 958 956 1091 1048; x_wconf 87' lang='lat' dir='ltr'>etipse</span> <span class='ocrx_word' id='word_1_22' title='bbox 1116 955 1209 1026; x_wconf 87' lang='lat' dir='ltr'>circa</span> 
     </span>
     <span class='ocr_line' id='line_1_5' title="bbox 187 1084 1287 1178; baseline -0.002 -22"><span class='ocrx_word' id='word_1_23' title='bbox 187 1086 292 1178; x_wconf 87' lang='lat' dir='ltr'>jactis</span> <span class='ocrx_word' id='word_1_24' title='bbox 311 1085 519 1157; x_wconf 78' lang='lat' dir='ltr'>fulminibus</span> <span class='ocrx_word' id='word_1_25' title='bbox 532 1086 731 1171; x_wconf 89' lang='lat' dir='ltr'>ambustus,</span> <span class='ocrx_word' id='word_1_26' title='bbox 749 1085 901 1178; x_wconf 85' lang='lat' dir='ltr'>saxique</span> <span class='ocrx_word' id='word_1_27' title='bbox 916 1084 1028 1155; x_wconf 89' lang='lat' dir='ltr'>ruinis</span> <span class='ocrx_word' id='word_1_28' title='bbox 1044 1085 1206 1171; x_wconf 86' lang='lat' dir='ltr'>obrutus,</span> <span class='ocrx_word' id='word_1_29' title='bbox 1285 1125 1287 1128; x_wconf 95' lang='lat'>-</span> 
     </span>
     <span class='ocr_line' id='line_1_6' title="bbox 192 1208 1210 1302; baseline -0.002 -21"><span class='ocrx_word' id='word_1_30' title='bbox 192 1221 228 1282; x_wconf 89' lang='lat' dir='ltr'>et</span> <span class='ocrx_word' id='word_1_31' title='bbox 250 1211 334 1280; x_wconf 94' lang='lat' dir='ltr'>dum</span> <span class='ocrx_word' id='word_1_32' title='bbox 364 1209 481 1281; x_wconf 93' lang='lat' dir='ltr'>omnia</span> <span class='ocrx_word' id='word_1_33' title='bbox 512 1212 719 1302; x_wconf 86' lang='lat' dir='ltr'>quatiuntur</span> <span class='ocrx_word' id='word_1_34' title='bbox 746 1208 866 1280; x_wconf 91' lang='lat' dir='ltr'>animo</span> <span class='ocrx_word' id='word_1_35' title='bbox 891 1209 1143 1295; x_wconf 87' lang='lat' dir='ltr'>inconcussus,</span> <span class='ocrx_word' id='word_1_36' title='bbox 1174 1209 1210 1280; x_wconf 94' lang='lat' dir='ltr'>in</span> 
     </span>
     <span class='ocr_line' id='line_1_7' title="bbox 191 1333 1211 1426; baseline 0.001 -21"><span class='ocrx_word' id='word_1_37' title='bbox 191 1333 324 1406; x_wconf 79' lang='lat' dir='ltr'><strong>Tartari</strong></span> <span class='ocrx_word' id='word_1_38' title='bbox 357 1335 520 1406; x_wconf 85' lang='lat' dir='ltr'>tenebras</span> <span class='ocrx_word' id='word_1_39' title='bbox 555 1335 791 1426; x_wconf 80' lang='lat' dir='ltr'>immergitur.</span> <span class='ocrx_word' id='word_1_40' title='bbox 828 1360 874 1386; x_wconf 65' lang='lat'>2-</span> <span class='ocrx_word' id='word_1_41' title='bbox 905 1334 997 1406; x_wconf 88' lang='lat' dir='ltr'>Sane</span> <span class='ocrx_word' id='word_1_42' title='bbox 1030 1355 1101 1406; x_wconf 92' lang='lat' dir='ltr'>non</span> <span class='ocrx_word' id='word_1_43' title='bbox 1132 1334 1211 1406; x_wconf 88' lang='lat' dir='ltr'>sine</span> 
     </span>
     <span class='ocr_line' id='line_1_8' title="bbox 192 1457 1210 1552; baseline -0.002 -22"><span class='ocrx_word' id='word_1_44' title='bbox 192 1457 341 1530; x_wconf 89' lang='lat' dir='ltr'>consilio</span> <span class='ocrx_word' id='word_1_45' title='bbox 372 1458 461 1529; x_wconf 84' lang='lat' dir='ltr'>duas</span> <span class='ocrx_word' id='word_1_46' title='bbox 498 1458 575 1529; x_wconf 90' lang='lat' dir='ltr'>illas</span> <span class='ocrx_word' id='word_1_47' title='bbox 610 1471 729 1552; x_wconf 88' lang='lat' dir='ltr'>partes</span> <span class='ocrx_word' id='word_1_48' title='bbox 763 1468 799 1529; x_wconf 91' lang='lat' dir='ltr'>et</span> <span class='ocrx_word' id='word_1_49' title='bbox 835 1458 872 1530; x_wconf 92' lang='lat' dir='ltr'>in</span> <span class='ocrx_word' id='word_1_50' title='bbox 903 1470 1053 1551; x_wconf 90' lang='lat' dir='ltr'>utraque</span> <span class='ocrx_word' id='word_1_51' title='bbox 1089 1480 1210 1552; x_wconf 88' lang='lat' dir='ltr'>aequa-</span> 
     </span>
     <span class='ocr_line' id='line_1_9' title="bbox 192 1583 1212 1677; baseline 0 -23"><span class='ocrx_word' id='word_1_52' title='bbox 192 1583 299 1654; x_wconf 91' lang='lat' dir='ltr'>bilem</span> <span class='ocrx_word' id='word_1_53' title='bbox 356 1605 584 1677; x_wconf 87' lang='lat' dir='ltr'>personarum</span> <span class='ocrx_word' id='word_1_54' title='bbox 637 1583 740 1654; x_wconf 90' lang='lat' dir='ltr'>istam</span> <span class='ocrx_word' id='word_1_55' title='bbox 794 1583 1079 1655; x_wconf 71' lang='lat' dir='ltr'>contrarietatem</span> <span class='ocrx_word' id='word_1_56' title='bbox 1130 1583 1212 1655; x_wconf 84' lang='lat' dir='ltr'>lecit</span> 
     </span>
     <span class='ocr_line' id='line_1_10' title="bbox 193 1707 1211 1803; baseline 0.001 -24"><span class='ocrx_word' id='word_1_57' title='bbox 193 1707 407 1803; x_wconf 82' lang='lat' dir='ltr'>AEschylns;</span> <span class='ocrx_word' id='word_1_58' title='bbox 464 1729 580 1801; x_wconf 90' lang='lat' dir='ltr'>neque</span> <span class='ocrx_word' id='word_1_59' title='bbox 629 1708 837 1802; x_wconf 86' lang='lat' dir='ltr'>imprudens</span> <span class='ocrx_word' id='word_1_60' title='bbox 893 1709 1023 1802; x_wconf 87' lang='lat' dir='ltr'>primas</span> <span class='ocrx_word' id='word_1_61' title='bbox 1079 1708 1211 1800; x_wconf 88' lang='lat' dir='ltr'>ubique</span> 
     </span>
     <span class='ocr_line' id='line_1_11' title="bbox 193 1830 1210 1925; baseline 0 -23"><span class='ocrx_word' id='word_1_62' title='bbox 193 1830 262 1902; x_wconf 92' lang='lat' dir='ltr'>deo</span> <span class='ocrx_word' id='word_1_63' title='bbox 296 1830 502 1902; x_wconf 79' lang='lat' dir='ltr'>vaticinanti</span> <span class='ocrx_word' id='word_1_64' title='bbox 537 1831 635 1902; x_wconf 91' lang='lat' dir='ltr'>dedit</span> <span class='ocrx_word' id='word_1_65' title='bbox 659 1842 694 1901; x_wconf 92' lang='lat' dir='ltr'>et</span> <span class='ocrx_word' id='word_1_66' title='bbox 738 1833 912 1904; x_wconf 89' lang='lat' dir='ltr'>actionem</span> <span class='ocrx_word' id='word_1_67' title='bbox 942 1853 980 1904; x_wconf 93' lang='lat' dir='ltr'>re</span> <span class='ocrx_word' id='word_1_68' title='bbox 1013 1853 1117 1925; x_wconf 91' lang='lat' dir='ltr'>quam</span> <span class='ocrx_word' id='word_1_69' title='bbox 1151 1831 1210 1902; x_wconf 92' lang='lat' dir='ltr'>ille</span> 
     </span>
     <span class='ocr_line' id='line_1_12' title="bbox 193 1954 1210 2050; baseline 0.001 -25"><span class='ocrx_word' id='word_1_70' title='bbox 193 1955 273 2040; x_wconf 88' lang='lat' dir='ltr'>scit,</span> <span class='ocrx_word' id='word_1_71' title='bbox 293 1954 470 2026; x_wconf 91' lang='lat' dir='ltr'>interdum</span> <span class='ocrx_word' id='word_1_72' title='bbox 498 1955 633 2050; x_wconf 90' lang='lat' dir='ltr'>incipit,</span> <span class='ocrx_word' id='word_1_73' title='bbox 655 1956 812 2048; x_wconf 91' lang='lat' dir='ltr'>denique</span> <span class='ocrx_word' id='word_1_74' title='bbox 843 1955 946 2046; x_wconf 92' lang='lat' dir='ltr'>silet,</span> <span class='ocrx_word' id='word_1_75' title='bbox 968 1977 1109 2028; x_wconf 93' lang='lat' dir='ltr'>omnem</span> <span class='ocrx_word' id='word_1_76' title='bbox 1131 1957 1210 2027; x_wconf 83' lang='lat' dir='ltr'>suu·</span> 
     </span>
     <span class='ocr_line' id='line_1_13' title="bbox 194 2079 305 2152; baseline -0.009 -1"><span class='ocrx_word' id='word_1_77' title='bbox 194 2079 305 2152; x_wconf 86' lang='lat' dir='ltr'>davit.</span> 
     </span>
    </p>

    <p class='ocr_par' dir='ltr' id='par_1_3' title="bbox 194 2203 1311 3920">
     <span class='ocr_line' id='line_1_14' title="bbox 243 2203 1209 2293; baseline 0.002 -19"><span class='ocrx_word' id='word_1_78' title='bbox 243 2205 293 2275; x_wconf 87' lang='lat' dir='ltr'>De</span> <span class='ocrx_word' id='word_1_79' title='bbox 319 2214 462 2275; x_wconf 87' lang='lat' dir='ltr'>servata</span> <span class='ocrx_word' id='word_1_80' title='bbox 482 2203 599 2275; x_wconf 82' lang='lat' dir='ltr'>tabula</span> <span class='ocrx_word' id='word_1_81' title='bbox 615 2203 798 2279; x_wconf 87' lang='lat' dir='ltr'>haetenus.</span> <span class='ocrx_word' id='word_1_82' title='bbox 825 2205 864 2276; x_wconf 95' lang='lat' dir='ltr'>ln</span> <span class='ocrx_word' id='word_1_83' title='bbox 883 2205 1073 2276; x_wconf 80' lang='lat' dir='ltr'>Prometheo</span> <span class='ocrx_word' id='word_1_84' title='bbox 1091 2205 1209 2293; x_wconf 81' lang='lat' dir='ltr'>soluto,</span> 
     </span>
     <span class='ocr_line' id='line_1_15' title="bbox 194 2325 1210 2424; baseline 0.002 -25"><span class='ocrx_word' id='word_1_85' title='bbox 194 2350 396 2424; x_wconf 89' lang='lat' dir='ltr'>quanquam</span> <span class='ocrx_word' id='word_1_86' title='bbox 408 2329 564 2423; x_wconf 88' lang='lat' dir='ltr'>locuples</span> <span class='ocrx_word' id='word_1_87' title='bbox 580 2340 702 2401; x_wconf 91' lang='lat' dir='ltr'>auctor</span> <span class='ocrx_word' id='word_1_88' title='bbox 723 2325 775 2424; x_wconf 90' lang='lat' dir='ltr'>(l)</span> <span class='ocrx_word' id='word_1_89' title='bbox 792 2330 899 2400; x_wconf 91' lang='lat' dir='ltr'>nimia</span> <span class='ocrx_word' id='word_1_90' title='bbox 915 2328 1065 2402; x_wconf 86' lang='lat' dir='ltr'>sortasse</span> <span class='ocrx_word' id='word_1_91' title='bbox 1081 2328 1210 2403; x_wconf 87' lang='lat' dir='ltr'>fiducia</span> 
     </span>
     <span class='ocr_line' id='line_1_16' title="bbox 194 2454 1209 2550; baseline 0.002 -24"><span class='ocrx_word' id='word_1_92' title='bbox 194 2454 1209 2550; x_wconf 87' lang='lat' dir='ltr'>eumooutenditstructuraipsapersonarumquenumero</span> 
     </span>
     <span class='ocr_line' id='line_1_17' title="bbox 194 2580 1210 2671; baseline 0.003 -22"><span class='ocrx_word' id='word_1_93' title='bbox 194 2598 235 2650; x_wconf 90' lang='lat' dir='ltr'>ac</span> <span class='ocrx_word' id='word_1_94' title='bbox 249 2580 386 2651; x_wconf 90' lang='lat' dir='ltr'>ratione</span> <span class='ocrx_word' id='word_1_95' title='bbox 402 2600 483 2650; x_wconf 92' lang='lat' dir='ltr'>oum</span> <span class='ocrx_word' id='word_1_96' title='bbox 503 2582 609 2650; x_wconf 82' lang='lat' dir='ltr'>cincto</span> <span class='ocrx_word' id='word_1_97' title='bbox 621 2599 833 2671; x_wconf 81' lang='lat' dir='ltr'>congruere,</span> <span class='ocrx_word' id='word_1_98' title='bbox 846 2590 963 2651; x_wconf 89' lang='lat' dir='ltr'>tamen</span> <span class='ocrx_word' id='word_1_99' title='bbox 979 2580 1103 2651; x_wconf 91' lang='lat' dir='ltr'>eadem</span> <span class='ocrx_word' id='word_1_100' title='bbox 1124 2601 1210 2652; x_wconf 89' lang='lat' dir='ltr'>sane</span> 
     </span>
     <span class='ocr_line' id='line_1_18' title="bbox 195 2702 1210 2794; baseline 0.002 -22"><span class='ocrx_word' id='word_1_101' title='bbox 195 2702 260 2773; x_wconf 83' lang='lat' dir='ltr'>luit</span> <span class='ocrx_word' id='word_1_102' title='bbox 276 2703 333 2773; x_wconf 87' lang='lat' dir='ltr'>dei</span> <span class='ocrx_word' id='word_1_103' title='bbox 353 2703 506 2794; x_wconf 90' lang='lat' dir='ltr'>indoles,</span> <span class='ocrx_word' id='word_1_104' title='bbox 523 2703 778 2775; x_wconf 89' lang='lat' dir='ltr'>idemactionis</span> <span class='ocrx_word' id='word_1_105' title='bbox 791 2703 1073 2793; x_wconf 82' lang='lat' dir='ltr'>fundamentum,</span> <span class='ocrx_word' id='word_1_106' title='bbox 1084 2724 1127 2775; x_wconf 89' lang='lat' dir='ltr'>ac</span> <span class='ocrx_word' id='word_1_107' title='bbox 1139 2703 1210 2776; x_wconf 87' lang='lat' dir='ltr'>lor-</span> 
     </span>
     <span class='ocr_line' id='line_1_19' title="bbox 195 2827 1211 2925; baseline -0.002 -26"><span class='ocrx_word' id='word_1_108' title='bbox 195 2836 288 2900; x_wconf 86' lang='lat' dir='ltr'>tasse</span> <span class='ocrx_word' id='word_1_109' title='bbox 311 2827 406 2897; x_wconf 89' lang='lat' dir='ltr'>idem</span> <span class='ocrx_word' id='word_1_110' title='bbox 425 2827 595 2899; x_wconf 89' lang='lat' dir='ltr'>orationis</span> <span class='ocrx_word' id='word_1_111' title='bbox 616 2836 730 2898; x_wconf 89' lang='lat' dir='ltr'>tenor.</span> <span class='ocrx_word' id='word_1_112' title='bbox 749 2827 940 2898; x_wconf 87' lang='lat' dir='ltr'>Notissimo</span> <span class='ocrx_word' id='word_1_113' title='bbox 957 2849 1077 2916; x_wconf 85' lang='lat' dir='ltr'>versu,</span> <span class='ocrx_word' id='word_1_114' title='bbox 1102 2831 1211 2925; x_wconf 68' lang='grc' dir='ltr'>ἐχθροῦ</span> 
     </span>
     <span class='ocr_line' id='line_1_20' title="bbox 194 2951 1211 3049; baseline 0.003 -27"><span class='ocrx_word' id='word_1_115' title='bbox 194 2955 309 3049; x_wconf 81' lang='grc' dir='ltr'>πατρός</span> <span class='ocrx_word' id='word_1_116' title='bbox 321 2981 374 3047; x_wconf 80' lang='lat' dir='ltr'>pot</span> <span class='ocrx_word' id='word_1_117' title='bbox 387 2964 482 3022; x_wconf 81' lang='grc' dir='ltr'><strong>τοῦτο</strong></span> <span class='ocrx_word' id='word_1_118' title='bbox 497 2953 647 3046; x_wconf 82' lang='grc' dir='ltr'>φίλτατον</span> <span class='ocrx_word' id='word_1_119' title='bbox 663 2956 782 3042; x_wconf 78' lang='grc' dir='ltr'>τέκνον,</span> <span class='ocrx_word' id='word_1_120' title='bbox 795 2951 995 3024; x_wconf 82' lang='lat' dir='ltr'>ostenditur</span> <span class='ocrx_word' id='word_1_121' title='bbox 1008 2952 1140 3026; x_wconf 82' lang='lat' dir='ltr'>invicta</span> <span class='ocrx_word' id='word_1_122' title='bbox 1155 2955 1211 3026; x_wconf 89' lang='lat' dir='ltr'>vis</span> 
     </span>
     <span class='ocr_line' id='line_1_21' title="bbox 195 3073 1210 3174; baseline 0.003 -28"><span class='ocrx_word' id='word_1_123' title='bbox 195 3073 303 3146; x_wconf 85' lang='lat' dir='ltr'>animi</span> <span class='ocrx_word' id='word_1_124' title='bbox 331 3083 365 3146; x_wconf 93' lang='lat' dir='ltr'>et</span> <span class='ocrx_word' id='word_1_125' title='bbox 385 3074 509 3146; x_wconf 88' lang='lat' dir='ltr'>eadem</span> <span class='ocrx_word' id='word_1_126' title='bbox 528 3096 610 3168; x_wconf 85' lang='lat' dir='ltr'>quae</span> <span class='ocrx_word' id='word_1_127' title='bbox 629 3087 733 3146; x_wconf 89' lang='lat' dir='ltr'>antea</span> <span class='ocrx_word' id='word_1_128' title='bbox 753 3075 787 3146; x_wconf 95' lang='lat' dir='ltr'>in</span> <span class='ocrx_word' id='word_1_129' title='bbox 809 3075 971 3168; x_wconf 86' lang='lat' dir='ltr'>juvando</span> <span class='ocrx_word' id='word_1_130' title='bbox 993 3075 1210 3174; x_wconf 78' lang='lat' dir='ltr'>benignitas,</span> 
     </span>
     <span class='ocr_line' id='line_1_22' title="bbox 197 3198 1212 3275; baseline 0.002 -5"><span class='ocrx_word' id='word_1_131' title='bbox 197 3198 321 3270; x_wconf 87' lang='lat' dir='ltr'>eadem</span> <span class='ocrx_word' id='word_1_132' title='bbox 342 3199 376 3270; x_wconf 93' lang='lat' dir='ltr'>in</span> <span class='ocrx_word' id='word_1_133' title='bbox 397 3200 605 3271; x_wconf 87' lang='lat' dir='ltr'>reluctando</span> <span class='ocrx_word' id='word_1_134' title='bbox 624 3200 834 3272; x_wconf 89' lang='lat' dir='ltr'>constantia.</span> <span class='ocrx_word' id='word_1_135' title='bbox 856 3201 996 3273; x_wconf 89' lang='lat' dir='ltr'>Scilicet</span> <span class='ocrx_word' id='word_1_136' title='bbox 1015 3215 1050 3272; x_wconf 91' lang='lat' dir='ltr'>et</span> <span class='ocrx_word' id='word_1_137' title='bbox 1073 3202 1152 3275; x_wconf 87' lang='lat' dir='ltr'>lovi</span> <span class='ocrx_word' id='word_1_138' title='bbox 1171 3224 1212 3273; x_wconf 88' lang='lat' dir='ltr'>se</span> 
     </span>
     <span class='ocr_line' id='line_1_23' title="bbox 196 3325 1211 3420; baseline 0.004 -26"><span class='ocrx_word' id='word_1_139' title='bbox 196 3325 435 3395; x_wconf 87' lang='lat' dir='ltr'>necessarium</span> <span class='ocrx_word' id='word_1_140' title='bbox 444 3326 561 3397; x_wconf 90' lang='lat' dir='ltr'>adhuc</span> <span class='ocrx_word' id='word_1_141' title='bbox 569 3337 671 3420; x_wconf 90' lang='lat' dir='ltr'>putat</span> <span class='ocrx_word' id='word_1_142' title='bbox 682 3326 894 3418; x_wconf 91' lang='lat' dir='ltr'>adjutorem,</span> <span class='ocrx_word' id='word_1_143' title='bbox 908 3327 1066 3399; x_wconf 91' lang='lat' dir='ltr'>etamico</span> <span class='ocrx_word' id='word_1_144' title='bbox 1077 3327 1211 3398; x_wconf 92' lang='lat' dir='ltr'>inimici</span> 
     </span>
     <span class='ocr_line' id='line_1_24' title="bbox 197 3445 1211 3544; baseline 0.004 -26"><span class='ocrx_word' id='word_1_145' title='bbox 197 3445 270 3521; x_wconf 85' lang='lat' dir='ltr'>lilio</span> <span class='ocrx_word' id='word_1_146' title='bbox 289 3450 373 3522; x_wconf 85' lang='lat' dir='ltr'>artis</span> <span class='ocrx_word' id='word_1_147' title='bbox 392 3449 565 3522; x_wconf 83' lang='lat' dir='ltr'>beneficia</span> <span class='ocrx_word' id='word_1_148' title='bbox 585 3451 753 3544; x_wconf 80' lang='lat' dir='ltr'>largitur,</span> <span class='ocrx_word' id='word_1_149' title='bbox 776 3473 978 3544; x_wconf 82' lang='lat' dir='ltr'>vagumque</span> <span class='ocrx_word' id='word_1_150' title='bbox 993 3450 1086 3522; x_wconf 91' lang='lat' dir='ltr'>lonis</span> <span class='ocrx_word' id='word_1_151' title='bbox 1102 3471 1211 3544; x_wconf 90' lang='lat' dir='ltr'>nepo-</span> 
     </span>
     <span class='ocr_line' id='line_1_25' title="bbox 199 3563 1292 3670; baseline 0 -24"><span class='ocrx_word' id='word_1_152' title='bbox 199 3583 270 3646; x_wconf 89' lang='lat' dir='ltr'>tem</span> <span class='ocrx_word' id='word_1_153' title='bbox 298 3574 342 3645; x_wconf 91' lang='lat' dir='ltr'>de</span> <span class='ocrx_word' id='word_1_154' title='bbox 369 3575 534 3648; x_wconf 89' lang='lat' dir='ltr'>omnibus</span> <span class='ocrx_word' id='word_1_155' title='bbox 561 3598 686 3648; x_wconf 90' lang='lat' dir='ltr'>cursus</span> <span class='ocrx_word' id='word_1_156' title='bbox 714 3577 879 3670; x_wconf 86' lang='lat' dir='ltr'>periculis</span> <span class='ocrx_word' id='word_1_157' title='bbox 906 3575 1087 3647; x_wconf 90' lang='lat' dir='ltr'>admonet.</span> <span class='ocrx_word' id='word_1_158' title='bbox 1111 3575 1211 3648; x_wconf 87' lang='lat' dir='ltr'>Viam</span> <span class='ocrx_word' id='word_1_159' title='bbox 1290 3563 1292 3568; x_wconf 65' lang='grc'><strong>’</strong></span> 
     </span>
     <span class='ocr_line' id='line_1_26' title="bbox 199 3700 1311 3794; baseline 0.002 -24"><span class='ocrx_word' id='word_1_160' title='bbox 199 3709 317 3772; x_wconf 89' lang='lat' dir='ltr'>autem</span> <span class='ocrx_word' id='word_1_161' title='bbox 335 3720 416 3794; x_wconf 89' lang='lat' dir='ltr'>quae</span> <span class='ocrx_word' id='word_1_162' title='bbox 432 3701 478 3771; x_wconf 90' lang='lat' dir='ltr'>ad</span> <span class='ocrx_word' id='word_1_163' title='bbox 494 3701 582 3772; x_wconf 86' lang='lat' dir='ltr'>iram</span> <span class='ocrx_word' id='word_1_164' title='bbox 597 3701 680 3773; x_wconf 93' lang='lat' dir='ltr'>olim</span> <span class='ocrx_word' id='word_1_165' title='bbox 698 3702 863 3790; x_wconf 85' lang='lat' dir='ltr'>duxerat,</span> <span class='ocrx_word' id='word_1_166' title='bbox 885 3701 1046 3772; x_wconf 87' lang='lat' dir='ltr'>eamdem</span> <span class='ocrx_word' id='word_1_167' title='bbox 1064 3700 1109 3772; x_wconf 90' lang='lat' dir='ltr'>ad</span> <span class='ocrx_word' id='word_1_168' title='bbox 1124 3723 1210 3772; x_wconf 91' lang='lat' dir='ltr'>con·</span> <span class='ocrx_word' id='word_1_169' title='bbox 1307 3713 1311 3720; x_wconf 88' lang='lat'>&#39;</span> 
     </span>
     <span class='ocr_line' id='line_1_27' title="bbox 200 3823 1211 3920; baseline 0.001 -24"><span class='ocrx_word' id='word_1_170' title='bbox 200 3823 413 3896; x_wconf 89' lang='lat' dir='ltr'>ciliationem</span> <span class='ocrx_word' id='word_1_171' title='bbox 434 3823 591 3919; x_wconf 87' lang='lat' dir='ltr'>patuisse</span> <span class='ocrx_word' id='word_1_172' title='bbox 619 3823 855 3918; x_wconf 87' lang='lat' dir='ltr'>suspicamur.</span> <span class='ocrx_word' id='word_1_173' title='bbox 884 3823 950 3896; x_wconf 92' lang='lat' dir='ltr'>Ubi</span> <span class='ocrx_word' id='word_1_174' title='bbox 983 3824 1077 3896; x_wconf 92' lang='lat' dir='ltr'>enim</span> <span class='ocrx_word' id='word_1_175' title='bbox 1108 3825 1211 3920; x_wconf 90' lang='lat' dir='ltr'>quid·</span> 
     </span>
    </p>
   </div>
   <div class='ocr_carea' id='block_1_3' title="bbox 201 4086 1212 4282">
    <p class='ocr_par' dir='ltr' id='par_1_4' title="bbox 201 4086 1212 4282">
     <span class='ocr_line' id='line_1_28' title="bbox 236 4086 1212 4182; baseline 0.003 -21"><span class='ocrx_word' id='word_1_176' title='bbox 236 4106 274 4178; x_wconf 90' lang='lat' dir='ltr'>(l)</span> <span class='ocrx_word' id='word_1_177' title='bbox 295 4105 428 4175; x_wconf 79' lang='lat' dir='ltr'>Kolisch,</span> <span class='ocrx_word' id='word_1_178' title='bbox 443 4109 498 4165; x_wconf 83' lang='lat' dir='ltr'>Dar</span> <span class='ocrx_word' id='word_1_179' title='bbox 510 4108 696 4176; x_wconf 76' lang='lat' dir='ltr'>Prometheus,</span> <span class='ocrx_word' id='word_1_180' title='bbox 713 4105 784 4180; x_wconf 85' lang='lat' dir='ltr'>XII,</span> <span class='ocrx_word' id='word_1_181' title='bbox 799 4125 830 4182; x_wconf 89' lang='lat' dir='ltr'>p.</span> <span class='ocrx_word' id='word_1_182' title='bbox 846 4086 879 4166; x_wconf 79' lang='lat'>7&#39;3</span> <span class='ocrx_word' id='word_1_183' title='bbox 895 4115 925 4166; x_wconf 90' lang='lat' dir='ltr'>et</span> <span class='ocrx_word' id='word_1_184' title='bbox 938 4125 964 4167; x_wconf 85' lang='lat' dir='ltr'>s.</span> <span class='ocrx_word' id='word_1_185' title='bbox 983 4109 1065 4166; x_wconf 85' lang='lat' dir='ltr'>:Der</span> <span class='ocrx_word' id='word_1_186' title='bbox 1081 4107 1212 4166; x_wconf 75' lang='lat' dir='ltr'>Porotta·</span> 
     </span>
     <span class='ocr_line' id='line_1_29' title="bbox 201 4204 1085 4282; baseline 0.005 -22"><span class='ocrx_word' id='word_1_187' title='bbox 201 4205 300 4261; x_wconf 80' lang='lat' dir='ltr'>tismus</span> <span class='ocrx_word' id='word_1_188' title='bbox 320 4204 373 4262; x_wconf 86' lang='lat' dir='ltr'>des</span> <span class='ocrx_word' id='word_1_189' title='bbox 387 4207 530 4279; x_wconf 81' lang='lat' dir='ltr'>geloesten</span> <span class='ocrx_word' id='word_1_190' title='bbox 544 4205 737 4266; x_wconf 84' lang='lat' dir='ltr'>Prometheus</span> <span class='ocrx_word' id='word_1_191' title='bbox 749 4205 803 4265; x_wconf 90' lang='lat' dir='ltr'>mit</span> <span class='ocrx_word' id='word_1_192' title='bbox 815 4207 881 4264; x_wconf 90' lang='lat' dir='ltr'>dem</span> <span class='ocrx_word' id='word_1_193' title='bbox 900 4207 1085 4282; x_wconf 78' lang='lat' dir='ltr'>gotesselten.</span> 
     </span>
    </p>
   </div>
   <div class='ocr_carea' id='block_1_4' title="bbox 0 0 1645 5120">
    <p class='ocr_par' dir='ltr' id='par_1_5' title="bbox 0 0 1645 5120">
     <span class='ocr_line' id='line_1_30' title="bbox 0 0 1645 5120; baseline 0 0"><span class='ocrx_word' id='word_1_194' title='bbox 0 0 1645 5120; x_wconf 95' lang='lat' dir='ltr'> </span> 
     </span>
    </p>
   </div>
  </div>
 </body>
</html>
