3254 5112
680 539 841 602 -61-
909 580 910 583 ,

246 678 418 773 quamvis
437 700 508 751 non
525 677 651 751 eodem
664 677 791 772 gradu,
810 687 925 750 umen
942 679 978 749 in
995 701 1064 750 una
1079 687 1178 772 parte
1196 677 1267 751 Eu-

254 802 359 897 ripidi
374 803 562 875 contraria.
585 803 658 876 lmo
678 802 839 875 nonnulli
856 803 1115 876 contenderunt
1129 804 1266 897 optabi·

255 926 323 998 lem
349 926 444 998 illam
464 938 647 1020 poetarum
671 948 751 998 cum
771 948 901 1000 corona
921 927 1145 1000 concordiam
1173 950 1265 998 nuu-

246 1072 360 1144 -quam
374 1051 541 1143 maiorem
556 1051 664 1122 inisse
675 1072 780 1145 quam
794 1052 830 1121 in
845 1051 1038 1146 Sophocle3
1056 1053 1156 1142 cuius
1171 1052 1265 1123 enim

255 1175 499 1248 moderatione
510 1175 618 1246 enimi
632 1175 794 1267 religioni
803 1174 1074 1246 Atheniensium
1085 1175 1265 1246 cumulum

246 1301 442 1394 quemdam
463 1301 638 1394 adjectum
665 1322 743 1372 esse
768 1298 842 1396 (l);
874 1300 1021 1372 deorum
1044 1302 1081 1371 in
1101 1299 1268 1395 AEschyln

164 1474 167 1481 -
255 1424 456 1519 imperium,
478 1426 514 1496 in
530 1425 598 1498 hoc
612 1426 786 1518 justitiam
807 1426 948 1518 vigere3
970 1447 1093 1498 omnes
1111 1425 1266 1518 antiqui·

251 1548 336 1620 -tatis
356 1548 521 1621 historias
544 1560 643 1643 gratu
663 1549 769 1642 hujus
790 1549 936 1622 mollitie
959 1550 1135 1642 mitigatas
1159 1570 1265 1638 esse,

254 1695 392 1745 summa
410 1676 601 1748 severitate
619 1676 825 1748 emendatas
848 1685 884 1747 et
903 1676 940 1745 in
962 1697 1067 1746 unam
1088 1675 1266 1769 pulchrio-

254 1821 402 1892 remqne
421 1800 570 1876 formam
585 1800 775 1890 adductas3
795 1800 949 1895 denique
965 1801 1061 1893 qnod
1076 1800 1268 1894 incepisset

247 1928 453 2023 AEschylus,
474 1928 682 2023 Sophoclem
703 1950 789 2001 vere
810 1929 845 1999 in
865 1930 920 2000 dis
940 1930 1130 2023 perfecisse
1148 1926 1219 2025 (2),

303 2052 387 2124 Haec
408 2063 443 2124 et
465 2053 547 2124 talia
565 2053 595 2124 si
615 2054 705 2126 iuret
724 2053 829 2146 hujus
854 2054 921 2127 loci
941 2055 1137 2142 disserere,
1160 2053 1263 2126 facile

250 2188 294 2248 ut
308 2178 434 2271 opinor
446 2179 697 2252 defenderetur
712 2179 878 2272 evulgata
895 2180 1063 2273 opinione
1083 2201 1154 2251 nun
1174 2179 1264 2249 mul·

256 2311 330 2373 tum
357 2303 480 2395 gloriae
508 2303 692 2397 Sophoclis
725 2325 805 2376 esse
833 2304 1017 2393 additum,
1040 2325 1087 2375 ex
1112 2300 1269 2398 AEschyli

235 2415 362 2498 'tande
386 2427 582 2499 detractum
611 2428 765 2522 aliquid,
793 2428 980 2500 veritatem
1008 2448 1095 2500 veru
1121 2426 1268 2499 omnino

249 2551 307 2622 sic
321 2552 514 2625 obscurari.
537 2552 613 2625 Non
630 2553 764 2625 invitus
778 2553 981 2646 opulentam
998 2551 1095 2622 illam
1111 2551 1148 2621 in
1162 2551 1267 2622 rebus

254 2675 387 2747 divinis
416 2676 572 2772 AEschyli
602 2677 836 2748 hereditatem
869 2698 939 2748 non
970 2676 1060 2746 adiit
1083 2676 1267 2769 crevitque

246 2820 394 2872 omnem
410 2799 621 2894 Sophocles,
643 2822 760 2895 neque
776 2799 985 2894 imprudens
1003 2821 1075 2871 non
1097 2820 1140 2870 ea
1156 2797 1266 2870 liher-

254 2932 338 3012 tate,
361 2946 442 3019 quae
462 2924 619 2996 Eleusini
639 2936 756 3018 poetae
774 2924 854 3011 luit,
876 2945 1020 2996 omnem
1040 2921 1269 3016 investigavit

247 3049 481 3143 excussitque
509 3049 657 3121 deorum
688 3049 957 3144 antiquitatem,
991 3070 1124 3141 genus,
1151 3046 1265 3139 bella,

253 3177 413 3272 imperia.
444 3181 593 3252 Sioeerus
620 3179 765 3274 quidem
794 3178 861 3250 luit
890 3178 1021 3251 morum
1049 3180 1171 3268 cultor,
1202 3176 1267 3250 sed

255 3307 366 3400 magis
381 3308 486 3379 etiam
509 3321 625 3380 cnutus
648 3334 687 3380 uc
708 3309 918 3380 verecundus.
940 3309 1013 3380 Sub
1036 3309 1124 3380 Jove
1152 3317 1191 3377 ut
1217 3307 1265 3377 ita

255 3432 370 3505 dicam
386 3447 503 3522 natus,
514 3436 578 3506 vix
591 3436 726 3528 aliquid
742 3437 786 3506 de
799 3436 951 3507 Saturno
966 3431 1023 3528 (3)
1037 3443 1073 3502 et
1090 3430 1190 3524 prole
1207 3428 1268 3502 itta

255 3556 1270 3652 antiquaestrecordatus.Tetrumaspectumhurrendum·

249 3704 326 3776 que
342 3682 529 3756 rhombum
541 3684 637 3777 apud
651 3707 732 3755 eum
746 3685 953 3774 abjecerunt
968 3681 1081 3752 Furiae
1093 3680 1266 3772 abestque

292 3912 332 3986 (l)
349 3911 439 3977 Bode,
456 3911 490 3969 H.
502 3915 546 3978 D..
564 3911 618 3976 ΙΙΙ,
637 3913 702 3968 vlt.

292 4013 329 4081 (i)
344 4012 463 4083 Jacobs,
486 4014 634 4069 tormonte
647 4011 798 4081 Schriften,
814 4010 876 4076 111,
892 4028 920 4083 p.
938 4011 983 4067 lo.

292 4109 325 4182 (3)
345 4111 420 4168 Eum
439 4119 535 4168 tamen
555 4113 631 4169 inter·
648 4111 837 4166 barbarorum
857 4110 929 4165 deos
946 4110 1032 4181 quasi
1050 4109 1208 4180 relegavit,
1224 4107 1270 4180 ig.

255 4210 399 4276 Androm..
416 4211 479 4268 457.
494 4210 537 4268 ot.
554 4209 671 4276 Petere,
691 4211 779 4268 Theoi.
794 4209 888 4283 Supte..
904 4225 962 4276 xu,
977 4226 1007 4282 p.
1023 4208 1068 4266 39.
