3254 5112
703 487 864 552 ..59-

181 645 184 662 ·
276 631 391 716 retur,
417 625 604 720 praeteritie
628 625 889 718 conjungebant
912 626 1120 718 praesentia,
1140 636 1176 699 et
1200 649 1289 700 vera

276 751 313 824 vi
331 751 487 839 dicendi,
501 769 570 820 non
590 747 671 820 licta
686 749 821 842 prologi
839 749 959 842 specie
974 750 1171 824 auditorem
1184 751 1290 824 doce·
1311 762 1313 768 '

276 875 363 947 bant
377 874 464 968 quid
480 883 574 946 esset
588 874 862 967 expectandum,
876 872 933 944 vel
951 894 1136 946 causarum
1154 876 1293 948 ratione

276 999 435 1072 adhibita
458 1000 535 1093 ipsa
561 1008 690 1070 eventu
717 999 955 1071 illustrabant.
978 998 1176 1072 -Omnes
1203 1021 1292 1076 vero

276 1123 546 1197 vaticinationes
560 1123 1158 1219 eujudiciodispositaesunteoque
1172 1125 1292 1199 colore

276 1248 424 1336 indutae,
442 1259 481 1318 ut
497 1249 706 1342 interpretes
724 1248 776 1318 illi
795 1249 943 1320 deorum
958 1249 1104 1342 antiqua
1118 1248 1189 1321 fide
1204 1271 1290 1323 vera

277 1384 312 1447 ct
322 1375 592 1469 pronuntiarent
604 1385 641 1445 et
653 1373 901 1468 pronuntiasse
912 1385 1139 1476 putarentur,
1157 1376 1287 1447 nedum

277 1520 400 1571 eorum
427 1499 574 1570 facultas
599 1513 660 1569 aut
686 1498 859 1570 divinatio
884 1498 920 1568 in
945 1499 1099 1593 aliquam
1119 1500 1292 1593 suspicio·

277 1648 357 1702 nem
375 1629 533 1700 cuderet.
552 1625 859 1710 Quemadmodum
879 1627 974 1698 enirn
991 1627 1175 1723 AEschylus
1193 1629 1294 1700 nefas

277 1749 421 1832 duxerit
447 1768 601 1820 noveum
622 1747 757 1840 aliquid
777 1748 818 1818 'in
849 1747 1022 1841 religione
1052 1749 1211 1836 eliutire,
1241 1749 1293 1820 sic
1338 1771 1349 1786 ’

277 1858 533 1954 divinationem
563 1902 633 1953 uon
669 1881 876 1975 procacibus
908 1881 1027 1953 verbis
1063 1881 1197 1977 illusit,
1231 1891 1293 1952 aut

276 2007 465 2079 illudentes
485 2029 563 2078 eam
582 2007 746 2096 induxit3
769 2007 892 2084 maluit
916 2008 1013 2101 quod
1040 2008 1152 2079 multo
1176 2007 1292 2099 majus

277 2142 365 2221 erat,
377 2133 555 2206 luculente
571 2141 607 2205 et
623 2134 779 2225 graviter
791 2155 869 2205 eam
881 2134 1097 2227 exprimere.
1109 2132 1196 2217 Quae
1206 2133 1294 2203 vati·

276 2255 492 2330 cinationum
506 2267 601 2331 esset
614 2258 781 2347 uarietas,
792 2257 966 2346 vidimus5
977 2255 1289 2350 diversaequidem

240 2388 243 2396 '
277 2382 545 2454 vaticinantium
578 2381 698 2453 indole
729 2404 920 2476 rerumque
952 2382 1199 2476 praedictarum
1232 2402 1290 2452 ra-

277 2506 373 2591 tione
392 2515 428 2580 et
443 2506 867 2603 ordinecorupositionis,
888 2516 1211 2601 parescuntquum
1230 2527 1290 2598 su-

276 2631 449 2715 blimitate
467 2653 605 2720 rerum,
629 2644 701 2704 tum
729 2632 919 2705 verborum
948 2633 1150 2722 maJestate,
1172 2631 1222 2703 ita
1253 2637 1294 2710 ut

276 2755 463 2850 AEschylus
478 2777 584 2849 quem
596 2755 897 2848 maximumapud
907 2756 1048 2828 Graecus
1059 2754 1209 2848 velpost
1221 2754 1292 2826 Ho-

277 2901 415 2956 merum
440 2879 705 2972 Hesiodumque
733 2901 852 2952 rerum
877 2880 1082 2952 divinarum
1110 2889 1290 2958 auctorem

277 3014 403 3100 putant
429 3000 506 3100 (l),
527 3003 633 3075 etiam
663 3003 769 3095 longe
793 3005 1105 3097 praestantissimus
1132 3005 1291 3082 omniurn

277 3129 450 3204 dicendus
465 3128 511 3201 sit
529 3129 634 3220 hujus
650 3129 790 3221 generis
809 3130 997 3225 interpres,
1010 3130 1088 3206 sive
1103 3129 1237 3227 iugeuii
1254 3127 1291 3203 vi

277 3255 434 3348 propria,
455 3253 534 3325 sive
554 3254 699 3347 antiqua
719 3253 861 3348 pietatis
880 3254 1096 3352 sinceritate.

314 3509 349 3581 (ll
367 3507 517 3576 Welclrer,
534 3509 715 3576 doderlahro,
730 3509 774 3576 ΙΙ,
790 3529 819 3583 p.
835 3509 899 3567 tto.
