3250 5120
823 574 983 636 ...26-

393 713 534 788 medius
562 713 656 807 regis
676 711 857 784 tumulus?
883 709 986 795 Quod
1014 711 1045 784 si
1067 723 1249 808 parentem
1270 715 1409 812 imperii

396 861 497 914 orare
512 838 664 934 placeret
677 837 712 907 in
724 836 858 908 incerto
875 835 1032 931 periculo
1047 833 1167 936 (220),
1188 851 1321 934 quanto
1334 863 1408 914 ma·

393 964 448 1058 gis
467 962 534 1036 hoc
558 962 782 1034 retinendum
801 960 869 1032 luit
889 960 924 1031 in
946 963 1120 1054 praesenti'
1137 985 1255 1036 rerum
1278 966 1408 1061 iniqui·

395 1101 480 1179 tate,
490 1110 628 1184 quuma
641 1087 791 1183 pristino
805 1086 866 1159 illo
878 1087 1012 1160 victore
1023 1109 1095 1161 unc
1110 1090 1194 1160 mali
1211 1091 1408 1164 remedium

390 1213 592 1308 exspectari
630 1223 748 1307 posset
775 1209 888 1307 (63l,
915 1213 1208 1309 signipotentem
1237 1213 1314 1310 ἄχος
1342 1211 1408 1287 olda

392 1341 505 1427 clodo,
528 1341 616 1434 μόνος
646 1336 681 1407 ἄν
708 1341 824 1412 θνητῶν
853 1340 943 1432 πέρας
969 1336 1068 1426 εἴποι,
1098 1335 1149 1408 Cf.
1177 1335 1249 1408 '787
1274 1349 1310 1410 et
1331 1337 1404 1434 s.)l

392 1462 465 1535 lmo
503 1483 622 1534 nonne
659 1460 696 1532 id
733 1459 972 1533 necessarium
1006 1459 1072 1532 fnit
1107 1459 1143 1530 in
1176 1461 1294 1532 labula
1325 1482 1407 1556 quae

391 1596 462 1659 tota
481 1587 665 1680 utriusque
685 1583 779 1678 regis
797 1605 987 1678 rerumque
1005 1584 1050 1655 ab
1070 1593 1222 1679 utroque
1247 1594 1404 1656 actarum

390 1713 673 1790 contrarietatem
708 1710 888 1800 sonabat,
914 1707 983 1781 hoc
1014 1707 1245 1782 fundamento
1280 1708 1406 1781 innite-

389 1834 513 1924 batur,
535 1824 687 1929 ideoque
704 1834 749 1905 ab
768 1832 880 1906 altero
899 1832 1047 1906 feliciter
1066 1845 1102 1905 et
1125 1834 1294 1928 praeclare
1312 1834 1404 1904 facta

395 1960 571 2032 referebat
601 1970 640 2030 ut
675 1958 821 2031 alterius
858 1958 1045 2054 imperium
1076 1979 1118 2030 ac
1152 1958 1289 2030 cladem
1313 1959 1402 2030 inla-

390 2094 503 2156 maret
521 2081 593 2180 (l).
615 2123 664 2135 -
682 2082 773 2175 Ergo
801 2081 909 2175 priori
938 2081 1036 2155 chori
1066 2083 1214 2155 carmini
1238 2081 1328 2178 (532
1355 2086 1401 2172 s.)

388 2199 602 2279 statim'fere
621 2206 795 2300 posterius
816 2203 900 2302 (623
920 2205 966 2299 s.)
984 2206 1140 2295 additur,
1157 2206 1253 2300 qnod
1274 2206 1311 2276 in
1331 2216 1401 2277 tra·

387 2330 516 2424 goediis
538 2331 729 2402 admodum
749 2351 829 2401 raro
848 2327 924 2401 fieri
945 2330 1035 2401 solet
1053 2339 1298 2424 attentumque
1323 2330 1400 2401 ani·

389 2477 484 2527 mum
501 2457 617 2527 lacere
634 2455 779 2546 debuit3
800 2455 871 2527 imo
888 2455 924 2524 in
944 2455 1012 2527 boc
1030 2455 1186 2527 carmine
1204 2464 1240 2526 et
1256 2455 1399 2528 musicis

386 2603 473 2654 sane
494 2602 583 2676 quos
607 2580 809 2672 ignoramus
830 2580 958 2669 modis,
980 2592 1016 2651 et
1043 2580 1121 2674 ipso
1141 2580 1248 2676 totins
1267 2601 1399 2672 genere

387 2706 484 2801 quod
503 2706 591 2776 mire
607 2705 750 2799 plenum
770 2704 1105 2797 interrogationibus
1122 2705 1253 2777 mixtos
1271 2703 1398 2795 graecis

386 2832 555 2904 barbaros
573 2829 670 2922 (635,
683 2826 865 2926 Βάρθαρα...
878 2829 921 2901 τθι
938 2817 1175 2906 θαναίολάἰανῆ
1196 2824 1324 2925 δύσθροα
1340 2829 1399 2916 βοὶ·

384 2984 492 3052 γματα
508 2955 559 3026 Cl.
583 2954 674 3046 687,
695 2954 890 3052 ψυχαγωγοῖς
909 2956 1096 3051 ὀρθιάσοντες
1111 2953 1211 3053 γόοις)
1233 2953 1342 3026 habet
1360 2962 1399 3025 et

386 3101 502 3152 mores
529 3089 565 3150 et
596 3100 701 3150 voces
737 3086 773 3149 et
801 3078 910 3169 deos,
934 3079 1191 3152 admonebatur
1219 3086 1395 3172 spectator

386 3229 519 3280 novum
538 3206 673 3301 aliquid
694 3229 780 3280 mox
796 3229 876 3280 esse
893 3208 1176 3301 proponendum.
1197 3247 1246 3262 -
1261 3207 1333 3280 Νοο
1344 3207 1394 3280 le·

385 3343 527 3425 gentem
548 3331 605 3403 vel
625 3353 720 3404 nunc
738 3332 828 3424 fugit
846 3331 991 3403 omnino
1011 3331 1107 3425 quali
1126 3332 1250 3404 babitu
1268 3333 1393 3405 Darius

384 3457 641 3530 Atheniensem
666 3478 728 3530 ora
750 3467 993 3548 converteret;
1022 3457 1138 3528 stabat
1166 3459 1311 3552 quidem
1336 3467 1392 3528 tu·

384 3583 481 3656 mulo
506 3603 669 3676 egressus
699 3593 735 3653 et
757 3593 839 3674 toga
863 3582 951 3653 tiara
978 3583 1179 3678 calceisque
1197 3605 1393 3677 agnoscen-

261 3745 263 3750 ·
384 3708 471 3797 dus,
499 3709 629 3780 vestitu
653 3705 808 3778 Asiatico
837 3716 873 3777 et
898 3717 1025 3779 ornatu
1053 3709 1162 3803 regali
1186 3707 1388 3804 spectabilis

383 3829 485 3928 (659,
507 3827 574 3906 ἔλθ’
589 3827 641 3902 ἐπ’
663 3829 751 3927 ἄκρον
776 3827 925 3928 κόρυμθον
945 3833 1050 3927 ὄχθου,
1070 3829 1280 3928 κροκόθαπτον
1298 3826 1394 3914 ποθθς

421 4111 457 4185 tl)
467 4109 505 4167 V.
517 4107 631 4178 auaro,
642 4111 795 4168 Senttorant
805 4111 948 4182 religione,
960 4127 990 4184 p.
1004 4110 1068 4170 480.
1078 4109 1120 4167 cf.
1132 4128 1160 4166 v.
1173 4111 1235 4176 554.
1247 4111 1311 4176 652,
1324 4111 1390 4178 709,

382 4209 447 4274 760,
458 4208 521 4273 781,
538 4207 589 4265 784
604 4213 633 4263 et
647 4223 683 4274 s.,
700 4207 763 4276 852,
780 4217 809 4265 et
822 4217 903 4282 νιάτηρ
915 4218 1017 4276 ἄκακος,
1031 4207 1095 4275 664.
1106 4209 1170 4276 672,
1185 4209 1248 4267 855.
