3254 5112
671 456 830 520 ...55..

241 592 323 666 illos
349 613 439 687 quos
464 611 626 662 seorsum
654 591 813 663 nominat
829 592 1038 683 Pausanias,
1061 594 1074 664 l
1087 645 1099 683 ,
1122 593 1189 684 at,
1216 595 1253 674 4,

239 719 463 815 χρησμολόγων
483 721 569 795 ὅσους
590 711 622 796 ἐξ
642 709 836 795 ’Λπόλλωνος
856 727 986 812 μανῆναι
1002 721 1138 812 λέγουσι.
1160 719 1258 793 Vidi.

242 864 321 914 mus
338 839 542 935 inOdyssea
555 839 660 935 paulo
670 841 881 912 concitatius
895 841 1111 933 praedicendi
1124 866 1255 936 genus3

242 977 359 1048 tamen
397 986 569 1060 nusquam
605 972 709 1036 antea
744 964 937 1038 delirantes
974 965 1255 1060 inducebantur3

240 1092 368 1164 Darius
391 1091 511 1186 specie
535 1091 679 1184 quidem
702 1100 740 1162 ut
768 1090 956 1166 defunctus
976 1090 1081 1165 heros
1105 1093 1141 1165 in
1168 1094 1258 1178 obli·

242 1217 386 1290 vionem
403 1215 620 1310 quamdam,
641 1215 774 1286 nullam
793 1237 880 1288 vero
899 1216 936 1286 in
955 1218 1258 1310 perturbationem

238 1342 351 1414 animi
375 1341 517 1412 incidit.
539 1338 615 1424 Qua
634 1339 863 1413 Prometheus
883 1341 989 1412 etiarn
1011 1352 1049 1413 ut
1071 1344 1159 1415 deus
1182 1365 1258 1417 cm·

240 1467 327 1544 nino
350 1480 466 1556 caret,
488 1487 553 1537 nco
573 1467 690 1536 lutura
715 1465 785 1537 alio
804 1487 913 1537 sensu
942 1487 1058 1558 quam⁴
1081 1469 1260 1559 praetcrita

241 1591 420 1683 intelligit.
446 1589 573 1684 Incipit
598 1589 655 1660 bic
679 1588 865 1660 divinandi
891 1591 1017 1662 modus
1046 1592 1108 1692 qui
1131 1592 1177 1663 ab
1205 1594 1259 1664 in·

237 1715 338 1810 ,genti
354 1715 446 1787 vatis
464 1714 587 1786 dolore
600 1734 670 1785 non
686 1713 826 1806 sejungi
842 1735 947 1809 posse
963 1714 1118 1788 videtur.
1131 1717 1256 1808 Deum,

245 1852 283 1914 ut
321 1841 498 1928 diximus,
535 1839 675 1912 mortali
709 1840 829 1911 animo
864 1841 981 1920 cernis
1016 1840 1256 1916 incubantem.

239 1965 352 2050 Quam
373 1965 555 2059 pulchram
574 1963 773 2072 mercedem
789 1965 834 2035 ab
846 1962 1010 2059 Apolline
1029 1964 1088 2036 illa
1101 1966 1255 2060 accepitl

246 2090 290 2162 de
309 2111 379 2184 qua
398 2073 550 2162 liberlter
571 2089 667 2160 dicas
692 2089 789 2181 quod
809 2088 854 2159 de
875 2087 1017 2160 Inachia
1038 2089 1156 2182 puella
1175 2089 1259 2162 Pro·

169 2223 172 2228 '
239 2214 401 2286 melheus
416 2212 521 2308 (739)
536 2238 545 2283 ;
562 2225 671 2310 πικροῦ
682 2208 852 2308 δ’ἔκυρσας,
867 2213 989 2307 maipa,
1003 2224 1064 2283 τῶν
1081 2225 1139 2283 σῶν
1152 2215 1258 2312 γάμων

240 2349 421 2434 μνηστῆρος.
449 2337 519 2408 Nec
553 2334 754 2407 mirandum
786 2335 878 2406 bane
910 2335 1058 2408 honoris
1080 2337 1258 2431 speciem,

241 2464 317 2534 veri
346 2461 478 2533 doloris
505 2482 670 2549 causam,
701 2459 758 2531 vel
788 2459 825 2531 in
851 2480 960 2531 serva
986 2459 1043 2556 (l)
1072 2461 1257 2533 mansisse.

240 2587 349 2660 Furor
359 2597 546 2658 tamenaut
556 2595 685 2660 aestuat
695 2596 756 2656 aut
771 2597 886 2657 cessat
901 2586 1095 2674 interdum,
1107 2608 1172 2657 neo
1183 2586 1260 2658 sine

238 2723 318 2784 arte
335 2712 533 2805 descriptus
551 2721 623 2800 est3
644 2710 709 2782 sed
729 2720 834 2805 poeta
853 2710 889 2779 in
908 2709 985 2802 ipsa
1005 2709 1168 2781 libertate
1184 2732 1260 2782 car·

237 2827 347 2907 'minis
374 2847 490 2908 certos
518 2835 643 2907 modos
673 2834 742 2906 sibi
778 2834 1016 2928 praescripsit,
1045 2835 1259 2907 dementiam

241 2961 379 3033 ratione
394 2982 436 3032 ac
450 2959 624 3054 sapientia
642 2959 809 3049 munivit,
825 2958 958 3036 rabiem
976 2959 1088 3030 teneri
1103 2960 1261 3054 corporis

243 3086 355 3159 forma
378 3086 515 3176 induit,
539 3083 706 3157 minantis
732 3096 901 3156 terrorem
923 3084 1035 3179 ipsius
1065 3085 1261 3158 miserabili

240 3231 327 3282 casu
348 3211 530 3300 demulsit,
552 3209 700 3282 deorum
719 3209 976 3282 incusationem
998 3210 1112 3282 divini
1129 3210 1259 3282 amoris

244 3336 413 3407 memoria
437 3335 644 3426 excusavit,
668 3334 821 3427 deniqne
841 3334 888 3405 ita
910 3335 1027 3406 omnia
1050 3334 1261 3429 temperavit

245 3460 444 3556 utproprio
463 3460 617 3553 quodam
639 3459 783 3552 ingenio
806 3459 841 3530 in
864 3458 1080 3531 inveniendo
1106 3459 1259 3553 primum

281 3714 319 3786 (l)
341 3713 452 3770 Notatu
474 3711 562 3784 digna
582 3713 663 3768 chori
687 3712 876 3777 exclamatio,
893 3710 974 3768 root.
996 3711 1079 3768 Gonl.
1095 3711 1213 3786 Odyss,
1234 3741 1260 3790 ρ.

243 3812 297 3869 322
309 3835 315 3878 ;
328 3811 488 3882 Platonem,
499 3805 631 3882 tep.,VI‚
640 3809 692 3865 ttt
703 3833 710 3875 ;
722 3809 787 3864 etin
796 3809 903 3866 veteris
911 3812 1078 3867 testamenti
1091 3811 1262 3885 prophetam

242 3911 329 3979 loel,
350 3909 392 3978 Π,
416 3909 462 3968 29.
482 3907 516 3965 V.
537 3911 623 3967 ileum
639 3907 791 3978 potitique,
808 3907 897 3963 loct.
912 3907 998 3980 tato,
1014 3908 1122 3981 ptura
1137 3908 1262 3967 Notatur

244 4011 316 4082 quid
334 4011 364 4066 in
381 4009 513 4066 Ecclesia
527 4008 597 4066 olim
611 4007 648 4064 de
662 4023 695 4064 re
707 4007 926 4074 institueretur,
941 4009 1026 4075 itit,
1043 4009 1079 4066 22
1096 4009 1261 4082 septembre
1364 4061 1365 4064 ,

247 4108 333 4176 rara,
349 4126 380 4180 p.
393 4109 458 4166 arr.

1083 4205 1101 4267 5
