3254 5112
677 483 839 546 ..95-

250 622 470 716 timaliquod
485 621 618 692 crimen
634 621 812 712 insuatur3
830 621 949 693 nuilus
964 621 1145 694 inducitur
1159 625 1263 695 vates

250 749 336 844 quin
365 747 463 819 uelut
506 746 701 840 deprensus
727 745 839 818 hostis
862 746 992 818 millies
1025 747 1262 839 undecunque

249 870 389 966 figatur.
411 872 512 966 Saepe
542 871 674 942 dietum
703 882 757 942 est
787 871 823 940 in
855 881 975 943 nostro
1003 882 1142 966 poetam
1169 872 1261 961 alio,

249 996 585 1092 aliophilosophum
612 1005 785 1090 spectare.
808 995 985 1080 Quantum
1005 997 1052 1068 ad
1074 997 1264 1069 divinatio·

250 1144 330 1194 nem
349 1122 513 1216 pertinet,
529 1121 677 1193 omnino
693 1142 781 1192 sane
802 1121 1014 1215 philosopho
1034 1143 1105 1195 non
1125 1142 1265 1217 semper
1383 1161 1385 1164 ·

249 1246 328 1319 sine
353 1245 510 1340 periculo
539 1245 624 1315 artis
653 1256 757 1339 poeta
782 1248 968 1318 concessit.
993 1246 1153 1318 Vidimus
1176 1267 1264 1339 quas

252 1369 396 1443 divitias
413 1392 433 1441 e
452 1391 491 1441 re
509 1369 695 1464 AEschyius
709 1383 869 1460 erueret3
887 1370 944 1441 hio
960 1391 1003 1441 ne
1023 1379 1264 1465 paupertatem

251 1495 394 1588 quidem
416 1493 602 1565 habemus.
621 1493 732 1564 Unam
750 1494 858 1567 orado
875 1495 911 1565 in
932 1495 1072 1568 vatibus
1092 1495 1183 1566 vidit
1197 1495 1268 1567 uti-

249 1619 382 1691 litatem
402 1618 601 1712 Euripides,
614 1618 747 1690 seilicet
768 1641 829 1713 per
852 1639 913 1691 eos
929 1620 1116 1714 prologum
1137 1641 1262 1713 qnem-

249 1741 331 1815 dam
373 1743 501 1814 mediae
530 1743 657 1814 fabulae
693 1745 799 1817 inseri
836 1765 961 1838 posse,
986 1756 1262 1839 spectantesque

250 1865 370 1939 doceri
391 1889 461 1960 qao
481 1867 540 1937 itta
555 1866 630 1962 jam
647 1868 693 1938 sit
712 1869 936 1941 inclinatura.
954 1869 1006 1940 Ne
1024 1890 1104 1940 asse
1121 1869 1264 1962 quidem

90 2063 102 2090 ‚
249 1990 330 2064 iilos
357 1991 571 2085 illorumque
597 2000 709 2064 artem
733 1993 924 2067 aestimavit
945 1994 1075 2066 carius.
1100 1991 1203 2077 Quod
1228 1993 1266 2064 in

250 2115 400 2208 singulis
420 2116 524 2188 facile
545 2117 860 2190 demonstrabitur.

718 2339 797 2434 sa.

248 2533 415 2621 'Quomodo
431 2546 462 2606 et
478 2536 591 2628 quoles
606 2536 804 2607 inducantur
818 2549 909 2608 cotes
925 2539 984 2609 olii
1000 2543 1035 2608 iu
1050 2537 1112 2609 ctis
1130 2537 1266 2630 subulis,

302 2662 359 2732 sed
378 2666 541 2753 praecipue
560 2667 594 2731 in
614 2661 806 2734 Phoenissis
825 2669 855 2734 et
874 2670 908 2733 tn
929 2663 1073 2734 Bacchis
1091 2663 1263 2750 Transms,

303 2788 337 2856 io
351 2783 547 2855 Troadibus
563 2785 779 2857 Cusstunan.

303 3007 502 3100 Frapmeata
519 2979 576 3077 ¹vel
587 3006 803 3099 paucissima
819 3007 876 3078 vel
893 3007 1009 3103 potius
1031 3008 1117 3078 nihil
1133 3008 1270 3080 habent

251 3130 349 3224 quod
370 3131 415 3202 ad
435 3130 525 3201 hane
540 3132 819 3225 rem'pertineat.
837 3133 967 3206 Montio
985 3131 1024 3204 iit
1039 3135 1264 3208 oraculorum

254 3255 290 3325 in
304 3259 436 3327 Danaes
451 3258 610 3350 prolege,
631 3279 667 3326 v.
682 3256 744 3346 ta,
758 3258 926 3350 Wagner,
939 3282 974 3352 p.
988 3259 1053 3329 691
1070 3283 1079 3346 ;
1094 3260 1262 3331 librorum

254 3381 383 3473 quibus
401 3381 542 3452 oracula
565 3382 799 3473 colliguntur,
822 3384 858 3451 in
879 3384 967 3474 frag.
991 3381 1081 3469 6253
1101 3383 1263 3474 augurii,

253 3504 290 3573 in
308 3505 355 3596 ig.
368 3504 454 3595 63⁴3
470 3506 643 3593 vaticinii,
655 3507 694 3576 ¹in
714 3507 763 3598 fg.
776 3503 1043 3577 'ldiPraedieta
1063 3507 1261 3597 eleuan'tm,

253 3629 290 3697 im
311 3629 359 3720 fg.
372 3627 443 3697 788
459 3639 494 3699 et
511 3627 617 3698 1038.
628 3629 835 3701 Nominatur
850 3627 1134 3726 dotsseiupoau'dg.
1154 3630 1260 3703 1063.

253 3749 357 3823 Adde
391 3753 590 3845 'fragmenta
618 3750 687 3822 tat
714 3754 759 3824 de
792 3753 905 3848 Hippo
938 3753 1099 3826 Chironis
1129 3754 1201 3826 fitia
1229 3768 1265 3828 'et

252 3874 326 3946 dtu
346 3877 390 3948 de
418 3878 515 3949 lovis
541 3879 686 3972 mystis,
714 3879 843 3971 quibus
862 3889 1000 3952 constat
1018 3879 1157 3952 Cretum
1173 3881 1263 3952 dho—

255 4020 336 4088 rus3
359 4001 513 4096 denique
529 4001 575 4070 63
594 4012 629 4072 et
644 4003 712 4092 65,
733 4002 937 4078 Cassandrae
955 4005 1078 4078 verba.
1100 4005 1267 4078 Protinus
1310 3983 1315 3998 ’

256 4122 363 4214 igitur
377 4127 421 4197 ad
438 4127 593 4219 integras
610 4128 746 4200 tabulas
763 4130 940 4201 venimus.
