3250 5120
682 504 843 570 effl-

256 648 376 741 εάριαριν
395 644 513 738 άείρων,
535 641 689 730 βασιλείον
703 641 808 736 τιάρας
825 641 957 737 φάλαρον
973 645 1175 738 πιφαύσκων),
1186 643 1273 714 Per·-

255 789 311 852 sus
322 769 482 860 jacentes
498 762 601 860 (686,
620 771 749 860 dosia..
767 766 852 860 ἐγγὺς
867 769 996 846 ἑστῶτες
1009 764 1124 864 τάφον)
1137 767 1267 862 ipsam·

254 913 325 986 que
343 911 492 962 uxorem
510 887 753 960 subsidentem
770 884 873 981 (080,
889 891 1021 958 λεύσσων
1039 884 1192 960 δ’άκσιτίν
1210 895 1267 968 τὴν

255 1019 329 1111 ἐμὴν
347 1019 442 1095 πελας
459 1011 575 1111 τάφου)
593 1012 853 1105 interrogabat3
875 1033 957 1106 quae
975 1035 1085 1107 quum
1103 1035 1174 1086 una
1193 1036 1266 1087 res-

252 1139 411 1234 pondere
425 1139 586 1226 auderet,
602 1138 745 1232 gravior
759 1135 866 1209 fiebat
881 1159 1009 1212 scaenae
1025 1139 1133 1211 totius
1141 1161 1265 1225 sonus,

253 1273 352 1357 patre
367 1273 402 1334 et
421 1272 532 1334 matre
550 1284 619 1334 una
635 1262 1081 1346 describentibuswadversa
1097 1262 1160 1336 filii
1178 1266 1263 1338 fata.

301 1387 340 1458 In
355 1388 606 1460 vaticinatione
619 1389 729 1459 multa
744 1388 945 1460 invenimus
961 1390 1091 1483 quibus
1105 1403 1268 1462 servatur

252 1513 419 1584 Homerici
435 1518 587 1584 carminis
603 1513 721 1601 color,
746 1523 787 1584 ut
804 1513 864 1583 iila
879 1514 965 1607 quid
982 1515 1118 1609 possint
1138 1536 1267 1609 quaeve

252 1637 304 1708 tas
323 1639 370 1708 sit
387 1637 570 1710 effundere
590 1637 756 1709 libamina
775 1635 878 1734 (ata,
894 1637 965 1708 ott
982 1648 1019 1712 et
1036 1643 1097 1730 s),
1114 1661 1267 1735 quaeque

252 1761 400 1834 mortuis
414 1763 642 1855 accipiantur
660 1759 784 1858 (685,
810 1763 887 1857 χοάς
912 1757 947 1832 δὲ
970 1768 1133 1861 πριαμένης
1162 1759 1267 1846 ἐδεξά-

253 1863 349 1982 μην),
368 1885 472 1979 pulsu
490 1895 592 1958 terrae
607 1886 685 1959 illo's
701 1886 781 1958 elici
798 1884 900 1982 (683,
918 1890 1029 1974 στένει,
1044 1892 1194 1957 κέκοπται
1212 1889 1266 1958 καὶ

251 2013 438 2107 χαράσσεται
457 2005 590 2104 πέδον),
607 2012 670 2083 sed
687 2011 732 2082 ad
752 2032 857 2082 auras
874 2034 1020 2107 superas
1037 2034 1108 2084 non
1127 2013 1264 2084 facilem

250 2145 371 2230 patere
395 2135 548 2207 reditum
570 2134 687 2230 (688,
711 2138 777 2206 ἐστὶ
796 2130 825 2204 δ’
852 2142 906 2206 οιίκ
926 2130 1098 2232 εὐέξοδον);
1120 2135 1264 2207 Darium

249 2260 307 2332 vel
331 2260 445 2353 primo
464 2251 625 2352 ingressu
645 2259 828 2348 orationis,
852 2271 909 2340 τῆς
924 2262 1043 2342 νεκυίας
1061 2260 1196 2330 umbris
1214 2259 1262 2330 si-

130 2371 136 2383 ’
233 2377 461 2473 milliorum,
500 2407 602 2480 paene
639 2385 757 2457 omnia
793 2383 1014 2477 ignorantem
1047 2383 1265 2456 admiramur

250 2508 334 2604 (705
346 2561 356 2596 ,
381 2511 444 2580 τίνι
467 2512 596 2606 τρόπῳ,
617 2517 730 2605 λοιμοῦ
749 2538 800 2598 τις
819 2508 893 2586 ἦλθε
918 2513 1078 2607 σκηπτόςξ
1103 2507 1190 2599 ΉἿ,
1215 2509 1264 2589 τίς

249 2627 279 2702 δ’
293 2640 386 2729 ἐμῶν.
403 2631 510 2730 κτλ),
529 2633 642 2705 donec
655 2635 700 2705 ad
716 2655 754 2705 se
766 2643 801 2705 et
813 2656 897 2706 suos
915 2656 1094 2720 reversus,
1111 2654 1262 2705 excussa

250 2758 430 2830 oblivione
457 2779 571 2852 eaque
599 2759 726 2829 mentis
753 2758 986 2830 inconstantia
1012 2778 1082 2850 qua
1106 2755 1199 2828 affici
1224 2758 1261 2828 in

251 2881 372 2954 inferis
391 2903 514 2954 omnes
535 2882 765 2970 dicebantur,
785 2881 979 2974 longinqua
998 2893 1033 2952 et
1048 2903 1176 2953 arcana
1196 2881 1261 2953 do-

249 3019 340 3080 ceat.
361 3009 498 3080 -Sed
518 3008 623 3101 longe
642 3006 701 3078 ille
720 3008 765 3079 ab
789 3007 941 3079 Homero
965 3017 999 3078 et
1022 3008 1165 3080 Tiresiae
1185 3030 1260 3080 mo·

248 3133 350 3222 uitis,
378 3153 487 3226 quum
507 3132 735 3228 pristinorum
755 3133 977 3204 oraculorum
1004 3154 1138 3204 memor
1154 3129 1257 3228 (800,

248 3257 316 3329 εἴτι
329 3270 491 3329 πιστεῦσαι
506 3261 578 3329 θεῶν
597 3263 655 3355 χρὴ
673 3256 883 3354 θεσφάτοισιν)
900 3258 1087 3352 praeteritis
1097 3257 1258 3349 adjungit

248 3381 364 3454 tntum
386 3391 423 3454 et
445 3381 675 3455 Plataeensem
695 3381 831 3453 cladem
857 3380 1034 3472 minatur;
1054 3403 1119 3452 nec
1138 3381 1258 3450 lumen

248 3515 383 3578 tantum
411 3507 566 3578 ostendit
596 3506 706 3578 animi
733 3504 938 3596 ingeniique
956 3505 1037 3593 sui,
1060 3505 1123 3576 sed
1150 3505 1257 3576 etiam

249 3631 480 3702 certissimam
511 3651 629 3701 rerum
658 3629 894 3699 'humanarum
927 3627 1173 3722 prudentiam3
1195 3630 1257 3701 fati

223 3819 229 3832 .
248 3756 393 3848 quidem
411 3755 564 3848 quadarn
585 3754 795 3826 necessitate
813 3750 883 3850 (t),
905 3754 1091 3826 sedetiam
1109 3755 1255 3828 demen-

282 4041 317 4112 (1)
344 4039 416 4096 Eam
439 4042 563 4096 multum
584 4041 615 4096 in
641 4041 696 4096 hac
719 4040 815 4096 fabula
837 4042 1038 4108 imminutam,
1065 4041 1197 4099 sednon
1223 4047 1255 4098 ut

246 4135 359 4210 Boyero
375 4141 414 4210 (p.
431 4138 473 4204 tu,
490 4139 556 4194 titre
573 4161 579 4194 :
595 4139 667 4194 dans
680 4138 723 4195 les
742 4137 848 4195 Perses
865 4140 892 4194 lc
907 4139 1050 4208 fatalitas
1070 4140 1186 4211 disparat
1203 4156 1252 4194 an-
