3250 5120
793 548 953 612 ...18-

366 687 505 781 agendo
524 697 560 758 et
579 688 615 757 in
632 684 822 778 cogitando
840 683 976 778 aliquid
998 686 1151 759 retinent
1167 689 1374 783 spirantque

367 814 473 887 ctiam
493 812 572 908 plus
591 833 698 905 quam
715 810 923 884 humanum.
941 809 1046 894 Quod
1063 812 1162 884 chori
1182 813 1300 885 visum
1320 823 1374 885 est

370 955 492 1037 postea
517 940 673 1015 officium
683 993 694 1029 ,
715 940 818 1012 bonis
837 941 981 1030 tavare,
1000 962 1125 1033 regere
1144 942 1274 1031 iratos,
1294 942 1380 1014 deos

370 1067 506 1154 testari,
521 1068 557 1137 id
570 1067 608 1136 hi
617 1086 759 1160 semper
772 1074 883 1156 agunt
899 1087 962 1138 ore
978 1066 1105 1157 grandi
1119 1088 1195 1157 ore,
1207 1067 1383 1139 constanti

371 1192 591 1264 audientium
611 1192 846 1262 admiratione
865 1191 1117 1284 atqueinvicta
1133 1192 1179 1263 ab
1197 1193 1293 1265 omni
1312 1214 1387 1263 sus·

371 1319 511 1413 picione
529 1339 670 1412 semper
683 1315 754 1388 fide
766 1315 834 1412 (t).
848 1316 986 1388 -Fuit
1005 1317 1111 1388 etiam
1129 1319 1284 1390 maxima
1302 1339 1384 1411 quae

373 1441 616 1514 difficiliorvel
637 1444 750 1536 primo
769 1442 899 1512 intuitu
917 1441 1073 1531 videtur,
1092 1454 1128 1513 et
1149 1442 1381 1536 interpretum

374 1579 410 1640 et
429 1568 540 1662 ipsius
564 1567 866 1662 interpretationis
890 1573 1053 1655 curtatum
1071 1589 1153 1639 nam
1176 1578 1304 1662 praeter
1323 1591 1386 1641 no·
1430 1556 1435 1566 ⁴

376 1705 450 1763 tum
471 1691 568 1762 iilum
588 1691 810 1763 Calchantem
830 1687 1051 1786 (quanquam
1079 1693 1156 1787 ipse
1185 1714 1256 1765 non
1284 1691 1388 1763 indn-

376 1817 483 1909 citur)
503 1817 677 1887 furentem
701 1817 877 1907 virginem
908 1815 1102 1905 habemus,
1126 1816 1391 1887 vaticinantem·

377 1963 447 2037 que
466 1941 627 2012 umbram
648 1953 683 2012 et
701 1941 816 2035 ipsum
830 1963 994 2034 magnam
1010 1943 1162 2014 fatorum
1179 1943 1308 2014 seriem
1328 1964 1389 2014 ex·

377 2068 566 2163 plicantem
581 2067 702 2157 deum,
714 2067 762 2138 ita
780 2079 818 2139 ut
836 2067 895 2139 hic
908 2068 1012 2139 etiam
1034 2068 1201 2138 virtutem
1212 2066 1390 2160 propriam
1472 2053 1478 2066 ’

379 2212 485 2284 quam
506 2201 646 2264 veteres
669 2193 742 2284 jam
772 2193 808 2262 in
835 2213 878 2265 eo
901 2192 1169 2263 admirabantur
1193 2188 1263 2289 (2),
1291 2201 1394 2285 poeta

380 2317 524 2388 omnino
538 2317 722 2388 retinuerit
739 2328 774 2388 et
793 2319 829 2387 in
841 2316 908 2389 hoc
919 2316 1023 2389 horto
1035 2317 1154 2388 omnia
1169 2315 1393 2390 circumvoli-

380 2441 510 2512 taverit
525 2441 659 2535 thyma.
673 2441 783 2512 Suum
803 2453 921 2513 autem
942 2442 1071 2533 cuique
1089 2461 1253 2535 personae
1271 2460 1415 2532 serva,

381 2565 435 2638 rit
453 2565 612 2637 habitum
634 2577 669 2637 et
688 2586 728 2638 os
748 2567 895 2658 dignum
916 2565 1061 2636 numine
1081 2566 1205 2637 divino
1222 2564 1374 2658 praebuit
1382 2589 1393 2653 3

382 2690 493 2761 verba
512 2703 574 2762 aut
594 2691 727 2784 impetu
756 2689 916 2762 incendit
931 2699 1005 2760 aut
1034 2691 1217 2781 majestate
1243 2689 1395 2784 quadam

384 2816 660 2888 commendavit.

433 2939 508 3011 lmo
531 2939 600 3010 dici
619 2951 734 3034 potest
753 2940 789 3011 in
812 2940 909 3011 nulla
925 2940 1112 3036 AEschylea
1133 2941 1252 3012 tabula
1272 2941 1397 3012 deesse

387 3085 574 3157 personam
604 3085 686 3157 quae
709 3063 885 3156 significet
911 3066 1049 3155 iutura3
1078 3067 1139 3136 ubi
1168 3067 1262 3137 enim
1299 3075 1399 3137 vates

387 3187 515 3280 aliquis
533 3208 605 3258 non
620 3187 815 3280 inducitur,
835 3190 938 3283 qnasi
958 3211 1093 3283 nequa
1113 3211 1184 3261 non
1205 3190 1402 3260 intercedat

388 3311 535 3384 deorum
554 3313 791 3406 providentia,
808 3313 848 3386 fit
859 3317 974 3387 chortis
986 3313 1119 3386 dirinae
1135 3314 1329 3386 voluntatis
1345 3313 1399 3382 in·

388 3446 544 3530 terpres3
564 3458 645 3531 quae
661 3437 788 3528 divini,
809 3440 840 3510 si
859 3439 1068 3527 adfuissent,
1090 3439 1392 3532 pronuntiassent,

389 3565 572 3657 praesentit
591 3563 666 3660 ipse
685 3585 728 3636 ac
753 3566 852 3637 timet
870 3565 928 3636 vei
953 3575 1065 3660 optat,
1087 3586 1152 3636 nec
1172 3576 1242 3637 tam
1262 3565 1398 3657 iegibus

391 3685 556 3760 humanis
579 3710 685 3783 qnam
722 3689 870 3763 deorum
895 3690 1054 3763 consitiis
1083 3691 1204 3762 studet
1233 3710 1312 3761 esse
1338 3689 1401 3760 ob-

432 3915 466 3983 (1)
484 3915 636 3990 Paulisper
650 3918 679 3974 in
688 3918 909 3990 Agamemnone
922 3919 1026 3976 diffidit
1038 3918 1208 3975 vaticinanti
1222 3917 1339 3978 chorus,
1352 3913 1405 3970 sed

393 4029 462 4070 mox
475 4019 570 4071 totum
582 4016 611 4072 ei
624 4031 657 4071 se
670 4016 793 4073 docilem
807 4017 926 4090 praebet.

432 4111 468 4182 (2)
486 4111 588 4185 Denys
601 4111 706 4184 Halia,
725 4112 787 4180 III,
803 4133 832 4188 p.
849 4116 910 4182 314,
933 4115 988 4171 Ed.
1006 4114 1082 4170 Gros
1099 4111 1251 4180 :Etpastum
1269 4113 1312 4163 καὶ
1328 4113 1406 4175 Σοφο-

394 4210 489 4275 κλίονς,
503 4213 546 4262 καὶ
559 4215 733 4280 ποικιλώτερος
746 4219 800 4273 ταῖς
813 4220 864 4266 τῶν
878 4215 1019 4281 προσώπων
1034 4213 1222 4276 ἐπιισαγωγαῖς.
