3254 5112
776 503 934 566 ...54-

349 654 451 733 sunt,
471 641 529 714 hio
555 640 698 735 poetioa.
719 649 796 710 arte
823 639 1009 731 utriusque
1036 649 1173 712 naturae
1191 642 1361 736 quodam-

350 768 456 841 modo
474 765 684 860 exprimitur
702 762 837 834 discors
856 762 1058 836 eoncordia.
1080 836 1083 842 ,

398 895 523 986 Liquet
551 890 656 962 etiam
687 909 793 981 qnam
822 885 945 960 vivide
976 886 1034 958 hie
1059 910 1109 960 res
1142 889 1363 962 describantur

350 1039 431 1113 quae
448 1016 560 1090 oeulis
586 1015 712 1106 subjici
733 1022 929 1106 nequeant;
951 1034 1032 1106 quae
1057 1036 1145 1087 vero
1171 1016 1261 1088 alias
1280 1039 1360 1111 pos·

350 1146 438 1232 sint,
460 1163 530 1236 qna
554 1140 639 1211 artis
659 1138 832 1210 industria
851 1149 887 1209 et
912 1139 1175 1232 opportunitate
1193 1142 1361 1235 temporis

353 1265 601 1357 multomagis
638 1263 775 1335 animos
809 1271 989 1335 moveant.
1024 1262 1160 1334 Etenim
1192 1265 1360 1337 furiarum

350 1391 479 1464 chorus
498 1391 604 1463 domo
621 1389 779 1461 insidens
798 1387 855 1459 vel
876 1387 975 1481 pneri
1001 1388 1138 1460 viscera
1157 1411 1221 1461 sua
1243 1412 1360 1463 eseam

350 1515 565 1588 horrendam
603 1513 692 1607 patri
733 1512 1001 1602 ministrantes,
1043 1512 1100 1584 vel
1142 1525 1243 1586 tauro
1276 1515 1359 1586 insi·

351 1641 489 1713 diantes
523 1640 678 1732 juvenca
714 1648 750 1710 et
786 1638 936 1730 ignavus
972 1636 1048 1725 leo,
1086 1639 1145 1710 vel
1180 1661 1245 1712 rex
1278 1639 1362 1712 irre
1396 1711 1398 1716 .

351 1765 438 1836 titus
471 1774 506 1834 et
544 1784 616 1835 nno
649 1763 832 1855 alteroque
870 1761 941 1832 ieta
980 1763 1155 1856 palpitans
1190 1773 1225 1835 et
1261 1763 1359 1857 inge-

352 1910 470 1977 mens,
489 1887 586 1960 nullo
606 1887 676 1960 alio
703 1887 809 1961 modo
833 1906 939 1980 quam
963 1887 1101 1959 ardenti
1124 1887 1184 1959 illa
1202 1887 1361 1960 oratione

351 2016 388 2085 in
423 2036 576 2087 seaenam
601 2012 715 2108 promi
748 2022 923 2106 poterant.
950 2011 1037 2096 Quae
1067 2035 1153 2086 vero
1179 2023 1358 2109 poterant,

352 2150 484 2233 quanto
519 2139 599 2232 pius
629 2137 796 2233 ponderis
821 2136 955 2209 habent
990 2138 1051 2208 ubi
1081 2138 1238 2210 nondum
1269 2137 1360 2209 aeci·

352 2263 446 2335 disse
475 2263 738 2355 intelliguntur,
765 2262 829 2334 sed
854 2262 890 2332 in
918 2284 961 2334 eo
994 2284 1072 2335 esse
1096 2273 1134 2333 ut
1167 2267 1362 2338 moxtneoi·

352 2387 466 2458 dant‘?
486 2386 628 2459 Constat
644 2387 739 2458 enim
758 2386 815 2458 vel
842 2396 1025 2481 poetarum
1043 2409 1237 2480 graecorum
1263 2389 1361 2461 testi·

353 2513 472 2586 monio
508 2510 564 2608 (i)
596 2513 675 2606 plns
709 2511 746 2582 in
777 2513 935 2585 timendo
971 2513 1054 2584 mali
1089 2535 1167 2586 esse
1193 2535 1299 2606 qnam
1324 2514 1361 2587 in

350 2639 428 2734 ipso
451 2638 512 2710 iilo
537 2638 632 2731 qnod
653 2637 820 2724 timetnr;
841 2637 979 2710 ruinam
998 2638 1263 2732 impendentem
1285 2661 1361 2712 ma·

350 2763 404 2857 gis
434 2773 618 2857 torquere,
656 2761 775 2834 omnia
802 2772 1008 2856 exspectata
1034 2763 1113 2857 plus
1151 2783 1360 2856 aggravare.

350 2887 509 2981 Egregiae
535 2889 679 2958 suntin
705 2886 874 2980 Euripide
900 2886 1148 2986 narrationes3
1172 2887 1236 2958 sed
1266 2888 1363 2960 nulla
1450 2935 1454 2942 -

350 3011 446 3105 apud
471 3011 578 3082 alium
604 3021 665 3082 ant
691 3012 848 3083 novitate
873 3011 998 3084 formae
1023 3022 1085 3083 ant
1113 3012 1261 3084 affectus
1283 3034 1360 3106 gra·

351 3135 462 3206 vitate
473 3133 541 3206 hoe
560 3135 890 3229 praestantissimum
911 3137 1094 3230 exemplar
1108 3127 1277 3232 superare
1296 3157 1359 3230 po·

353 3259 432 3330 tuit.

400 3383 501 3468 Quod
527 3384 750 3478 sindpertus
774 3389 924 3479 propium
949 3385 1209 3459 vaticinationis
1230 3388 1357 3458 transi·

350 3508 483 3597 bimus,
507 3530 549 3581 eo
572 3508 699 3580 ceteris
720 3509 953 3581 discernenda
978 3510 1160 3582 videbitur
1183 3511 1280 3604 qnod
1308 3521 1362 3583 est

358 3643 428 3703 tota
443 3637 551 3724 farore
560 3635 671 3726 plena.
687 3632 882 3705 Referenda
897 3645 951 3706 est
964 3657 1050 3709 sane
1063 3634 1257 3708 Cassandra
1272 3636 1362 3708 inter

392 3966 426 4038 (i)
440 3966 482 4023 Of.
499 3967 610 4040 Eurip„
633 3970 689 4041 ing.
706 3970 894 4038 Andromeda,
911 3971 982 4036 132;
999 3972 1102 4044 Soph..
1122 3973 1272 4042 Trachin„
1288 3974 1359 4045 952,

352 4070 383 4122 et
395 4065 451 4136 frg.
467 4072 540 4139 trag.
561 4065 610 4123 Gr.
636 4083 741 4133 enom,
761 4067 895 4141 Wagner
915 4069 995 4135 Did„
1012 4069 1073 4136 111,
1089 4088 1118 4143 p.
1135 4072 1186 4127 ΙΙΙ
1208 4095 1215 4126 :
1234 4073 1323 4138 Πολλῷ
1334 4076 1362 4126 ot

351 4164 466 4229 κρεῖσσόν
481 4166 549 4226 ἐστι,
565 4166 597 4229 μὴ
608 4164 739 4218 δεδοικότα
750 4167 837 4218 παθεῖν
850 4168 881 4219 τὸ
894 4168 982 4232 μέλλον
992 4169 1100 4230 δεινὸνῆ
1113 4169 1252 4222 detersero.
