3254 5112
780 513 825 578 ¹-
844 531 900 592 tos
921 561 960 578 .-

368 673 462 742 bitur
490 666 708 764 Δεισιδαίμων,
730 672 978 764 Θεοφορουμένη,
1001 669 1166 754 merrdie,
1200 663 1322 761 Ἱερεία,
1344 677 1378 738 et

371 798 413 866 fr.
446 797 515 867 inc.
548 797 592 884 5,
620 793 734 883 Stob.‚
766 792 841 889 98).
870 792 922 863 1111
945 793 1052 885 igitur
1072 812 1177 885 quam
1198 791 1379 883 sequimur

371 925 581 998 divinationi
610 923 799 995 dicendum
828 934 881 993 est
913 924 948 992 in
981 921 1057 994 istis
1088 922 1216 994 fabulis
1244 920 1377 992 nullum

373 1051 481 1122 fuisse
497 1060 620 1121 natura
633 1071 755 1142 neque
775 1049 903 1120 sactum
921 1068 941 1118 a
962 1048 1075 1141 poetis
1093 1049 1224 1120 locum.

421 1178 459 1246 ln
491 1175 630 1268 tragicis
660 1184 796 1260 autem,
829 1183 868 1244 ut
898 1174 957 1244 illa
989 1173 1108 1244 omnia
1135 1182 1377 1260 coarctentur,

376 1303 552 1374 divinatio
581 1301 673 1395 apud
707 1300 846 1372 Graecos
876 1313 970 1371 certe
993 1300 1211 1392 antiquitatis
1243 1299 1382 1392 propria

377 1428 460 1513 suit,
482 1428 583 1520 quasi
603 1427 672 1498 illis
690 1426 792 1497 annis
809 1427 926 1496 minus
944 1425 1135 1497 decesserit
1150 1426 1196 1496 ab
1218 1436 1297 1497 ortu
1318 1445 1383 1496 suo

377 1563 412 1623 et
431 1552 602 1643 religione
622 1573 772 1643 quacum
795 1550 1003 1622 mortalibus
1023 1551 1148 1620 tradita
1183 1572 1262 1621 esse
1288 1550 1383 1620 vide·

375 1679 499 1764 batur3
531 1676 715 1769 viguitque
742 1697 846 1768 quam
881 1676 1033 1746 maxime
1056 1676 1092 1745 in
1121 1675 1233 1768 prima
1259 1683 1382 1762 aetate,

376 1822 483 1894 quum
503 1800 674 1891 tragoedia
693 1821 713 1870 e
730 1799 859 1871 Bacchi
879 1802 989 1871 sacris
1007 1811 1170 1892 tanquam
1190 1822 1209 1870 e
1226 1797 1386 1892 pulcher·

378 1927 468 1997 rimo
500 1925 583 1998 nido
604 1926 678 2016 jam
705 1924 825 1995 adulta
856 1935 890 1996 et
922 1925 1059 1995 viribus
1086 1926 1173 1996 freta
1205 1925 1383 2011 evolavit3

379 2050 508 2120 deinde
519 2050 668 2122 decurso
683 2049 797 2142 spatio
813 2048 933 2141 aliquo
955 2061 1120 2142 tanquam
1142 2060 1219 2142 post
1236 2060 1387 2142 tempes-

379 2177 487 2246 tivam
506 2175 741 2245 maturitatem
762 2176 959 2266 oblanguit,
978 2187 1012 2246 et
1031 2197 1139 2268 quum
1159 2185 1332 2247 cresceret
1342 2176 1386 2271 in

379 2300 454 2370 dies
486 2310 667 2392 poetarum
701 2311 737 2370 et
767 2300 948 2392 religionis
985 2301 1162 2394 popularis
1191 2300 1385 2388 discordia,

380 2424 442 2496 vix
466 2424 575 2495 semel
600 2436 661 2494 aut
683 2426 811 2494 iterum
837 2426 958 2497 ocutos
986 2425 1249 2518 quodammodo
1271 2435 1387 2498 sustu·

382 2553 433 2637 tit,
453 2552 567 2623 donec
584 2552 620 2620 in
641 2552 789 2624 formam
808 2553 949 2623 inanem
976 2531 1211 2646 componendi
1232 2553 1388 2624 elabere·

382 2688 456 2764 tur,
484 2687 519 2748 et
550 2683 686 2747 merum
715 2675 816 2748 [ieret
848 2677 1124 2748 instrumentum
1145 2678 1306 2750 actionis.

429 2800 530 2884 Quod
561 2802 591 2871 si
621 2823 667 2872 ex
689 2800 893 2872 Graecorum
921 2813 1191 2896 ceterorumque
1220 2804 1392 2896 poematis

382 2926 576 2997 conditiones
607 2926 814 3018 colligemus
847 2929 975 3020 quibus
1008 2950 1090 3021 pars
1120 2928 1179 2998 iila
1210 2927 1392 3020 tragoediae

382 3069 502 3120 carere
530 3071 599 3119 non
627 3060 759 3143 potest,
782 3063 908 3145 praeter
933 3053 1113 3144 ingenium
1138 3053 1234 3147 quod
1260 3052 1393 3123 nemini

382 3175 474 3244 inter
495 3174 681 3267 praeclaros
699 3185 821 3267 poetas
837 3176 961 3263 defuit,
974 3177 1197 3247 inveniemus
1216 3178 1392 3271 praecipue

383 3301 485 3389 duas
506 3320 653 3392 quarum
676 3321 745 3370 una
765 3301 810 3370 ad
828 3311 960 3371 oetatem
978 3301 1087 3372 altera
1105 3303 1149 3373 ad
1165 3314 1296 3396 poetam
1315 3325 1392 3396 per-

384 3426 521 3496 tinebit.
536 3463 584 3479 -·
596 3424 748 3495 Primum
769 3426 862 3496 enim
881 3426 1191 3521 auditores'poetae
1210 3429 1255 3500 de
1267 3449 1305 3500 re
1313 3450 1393 3499 con·

384 3552 515 3622 sentire
530 3561 681 3644 oportet,
694 3561 729 3622 et
741 3552 852 3644 magis
861 3551 905 3622 ad
916 3550 1079 3623 fiduciam
1090 3554 1392 3647 etsimplicitatem

385 3675 494 3745 animi
521 3695 630 3767 quam
662 3676 707 3746 ad
737 3677 846 3747 risum
873 3687 908 3747 et
934 3679 1179 3771 procacitatem
1209 3679 1390 3750 inclinare.

384 3801 486 3871 Nulla
502 3820 588 3871 sane
605 3821 692 3892 gens
708 3801 774 3871 tuit
790 3803 826 3871 in
844 3824 914 3894 qua
929 3824 999 3874 non
1017 3803 1177 3895 pluribus
1195 3813 1256 3872 aut
1272 3803 1394 3895 paucis

385 3935 479 3998 certe
503 3925 623 3996 datum
643 3926 689 3996 sit
712 3925 844 3998 habere
871 3949 1018 4018 nasum3
1042 3930 1077 3999 in
1100 3929 1280 4020 sagaciore
1306 3949 1394 4000 vero

385 4073 529 4140 corona,
552 4050 613 4122 ubi
633 4070 690 4120 ars
705 4050 764 4122 illa
786 4051 926 4124 exoleta
946 4064 981 4122 et
1000 4052 1147 4123 ridicula
1162 4053 1343 4144 judicatur
1360 4063 1395 4124 et

386 4178 416 4248 si
436 4175 521 4275 quid
547 4197 626 4246 cnm
647 4196 689 4246 ea
708 4155 950 4269 conjungitur,
972 4177 1103 4248 saeculo
1122 4175 1273 4249 habetur
1293 4176 1393 4252 inde·
