3254 5112
668 504 828 568 ...69-

243 667 307 740 per
328 667 368 717 se
389 644 463 716 sola
485 643 617 716 fabula.
638 642 702 713 Hic
722 663 763 714 ea
783 643 988 735 pronuntiat
1006 643 1157 718 Tiresias
1173 667 1273 740 quae*

243 770 288 841 ob
316 769 451 864 OEdipo
477 769 537 863 qui
568 767 720 840 consulit
748 767 877 861 cuique
910 767 970 840 ille
1000 770 1153 841 minatur
1184 792 1254 844 non

244 893 392 987 intelligi
419 903 578 987 possunt.
613 892 685 964 illic
719 914 800 985 quae
828 890 969 964 efficere
1005 892 1148 986 longum
1185 904 1253 984 est,

244 1045 353 1116 quum
380 1021 528 1116 parendi
552 1022 653 1093 deest
677 1030 829 1114 tempus,
862 1021 980 1092 multis
1003 1023 1111 1095 iratus
1136 1023 1275 1115 verbis—v

245 1145 409 1239 imperat.
434 1145 527 1216 Nihil
548 1165 776 1216 suaevorum
802 1154 837 1216 et
862 1165 1026 1236 magnum
1047 1146 1120 1237 agit
1138 1147 1173 1217 in
1191 1147 1255 1218 So·

245 1270 373 1365 phocle
397 1269 596 1358 divinatio,
621 1270 723 1363 quasi
750 1291 821 1341 non
848 1269 993 1363 impune
1017 1270 1063 1342 ab
1085 1280 1161 1344 arte
1185 1280 1257 1344 totu

245 1397 410 1491 pendeat.
435 1395 655 1490 spectatores
691 1396 883 1490 aliquando
903 1397 948 1467 de
976 1418 1014 1468 re
1043 1399 1139 1469 omni
1155 1408 1257 1470 uates

247 1523 502 1613 admonetque
524 1521 628 1615 plana
649 1522 761 1614 magis
781 1522 899 1592 omnia
919 1522 1176 1614 intelligantur3
1197 1533 1277 1594 aut*

247 1646 356 1717 verba
389 1645 538 1718 aliorum
567 1644 674 1733 elicit,
714 1667 778 1716 nec
815 1666 915 1716 suam
949 1647 1012 1717 sed
1045 1645 1171 1740 OEdipi
1200 1647 1257 1719 vel

248 1774 410 1848 Creontis
454 1774 609 1847 indolem
644 1774 813 1845 ostendit.
851 1772 929 1844 Arti
966 1775 1124 1868 pristinae
1157 1785 1267 1868 poeta,

248 1901 349 1994 quasi
370 1897 577 1971 subdillisus
597 1899 662 1971 vix
682 1899 836 1992 aliquem
860 1899 1003 1992 reliquit
1019 1901 1133 1976 locum
1163 1922 1258 1972 eam·
1341 1990 1344 1995 Ι
1474 1981 1475 1985 ¹

248 2046 317 2119 que
337 2024 436 2095 velut
461 2023 752 2117 perturbatricem
774 2045 891 2096 rerum
908 2025 1065 2095 omnium
1086 2035 1148 2095 aut
1165 2003 1256 2096 rele-

251 2148 350 2241 gavit
369 2157 430 2218 aut
456 2148 610 2242 operuit.
643 2147 714 2219 Sed
745 2158 783 2219 ut
807 2148 839 2220 ei
865 2146 939 2239 ille,
960 2148 1011 2219 sic
1028 2170 1069 2222 ea
1089 2148 1138 2218 illi
1158 2171 1279 2244 paonen

252 2285 324 2348 tota
349 2273 473 2346 doluit.

710 2519 798 2619 ga.

250 2773 412 2858 Quomodo
434 2784 465 2844 et
490 2773 601 2866 quales
630 2771 828 2842 inducantur
846 2780 876 2840 et
900 2772 959 2840 sub
982 2735 1116 2842 mortem
1144 2778 1259 2844 vatici·

303 2920 385 2969 trans
403 2898 558 2991 OEdr'pus
573 2897 725 3005 Coloneus
734 2906 764 2966 at
775 2905 865 2966 votet
881 2895 934 2966 ille
951 2900 1065 2966 urruns
1077 2898 1111 2968 in
1125 2896 1279 2992 OEdipor

298 3022 392 3115 Rege
410 3033 440 3093 et
461 3027 495 3092 itt
514 3021 693 3113 Antigone
715 3021 867 3092 Tiresias.

297 3269 389 3341 Nihil
408 3271 482 3341 lere
503 3271 736 3361 infrapmactt's
754 3268 936 3361 Sophoclis
956 3269 1158 3341 invenimus
1172 3291 1260 3362 prae·

251 3370 304 3465 ter
324 3395 532 3490 paucissima
556 3394 765 3466 damnorum
786 3405 986 3468 nostrorum
1009 3395 1172 3485 vestigia.
1189 3395 1267 3466 Do-

251 3531 306 3590 cet
326 3519 418 3590 enim
438 3520 576 3609 Strabo,
602 3516 659 3608 ll,
682 3541 718 3612 p.
742 3517 813 3586 675
833 3515 952 3612 (Abu,
976 3519 1042 3608 frg.
1065 3515 1147 3612 98l)
1167 3519 1277 3611 apud·

252 3666 332 3716 eum
349 3647 459 3738 Mopsi
474 3654 509 3714 et
525 3644 715 3715 Calchantis
727 3652 904 3713 certamen
924 3640 1100 3734 hujusque
1114 3653 1267 3715 mortem

252 3778 447 3839 enarratam
460 3788 552 3842 esse.
563 3766 641 3836 Fuit
660 3767 770 3837 etiam*
782 3764 941 3860 ejusdem
966 3760 1151 3862 Ἀμφιαρέως
1168 3795 1261 3854 saro·

253 3896 344 3988 ρικός,
359 3904 394 3964 et
412 3892 567 3964 Thebani
585 3892 676 3963 vatis
696 3891 865 3964 memoria
882 3910 952 3961 non
967 3891 1078 3962 semel
1097 3893 1205 3964 credo
1224 3893 1260 3963 in

252 4017 295 4089 iis
319 4040 466 4110 quorum
490 4017 631 4089 nomina
655 4025 756 4088 erant
775 4013 929 4114 Ἐπίγονοι
948 4027 984 4088 et
1013 4013 1185 4113 Ἀλκμαίων
1208 4027 1282 4088 est-

252 4156 435 4215 renovata.
458 4144 568 4235 Major
588 4164 730 4238 quoque
744 4141 939 4215 fabularum
957 4141 1094 4213 illarum
1107 4143 1277 4232 jactura,
