3250 5120
768 556 927 622 ...28-

343 697 391 770 tia
411 695 500 768 levis
520 693 716 788 tumidique
732 689 862 792 (θούριος
880 689 997 793 Ξέρξης,
1016 694 1102 783 779,
1117 692 1205 791 757)
1222 695 1363 770 Xerxis

343 831 394 894 tot
419 820 640 894 miseriarum
667 818 796 892 seriem
822 819 994 892 accidisse
1018 819 1210 914 explanat3
1243 820 1363 894 vitam·

341 944 477 1020 scilicet
494 941 685 1016 humanam
702 942 842 1037 plenam
862 963 942 1029 esee
959 941 1220 1017 oalamitatibus
1240 941 1353 1041 (700,

342 1072 510 1167 ἀνθρώπεια
527 1063 557 1138 δ’
578 1065 614 1138 ἄν
630 1096 682 1140 τοι
702 1071 825 1164 πόματ’
850 1063 886 1137 όεν
904 1070 998 1164 τόχοε
1017 1073 1140 1164 βροτοῖς
1162 1068 1272 1162 κτλ.);
1291 1053 1360 1142 sed

341 1209 467 1266 rernm¹
490 1201 621 1266 eventu
649 1190 883 1264 demonstrari
907 1202 1078 1286 quantum
1111 1192 1153 1262 Di
1183 1201 1219 1266 et
1246 1192 1361 1268 bonis

342 1317 649 1413 prudentibusque
668 1317 812 1390 faveant
826 1311 929 1410 (767,
947 1320 1069 1414 φρένες
1081 1316 1138 1414 γάρ
1155 1322 1250 1389 edent
1265 1319 1357 1416 θυμόν

343 1443 589 1538 ᾠακοστρόφουν.
606 1481 654 1496 -
671 1438 758 1528 772,
778 1443 853 1521 Θεὸς
873 1439 931 1537 γάρ
950 1446 1005 1510 οὐκ
1018 1442 1148 1540 ἥχθῃρεν
1163 1450 1204 1521 ὡς
1222 1444 1358 1539 τόφρ’ων

345 1565 413 1662 ἔφυ.
427 1605 474 1619 -
487 1565 574 1653 907,
589 1566 731 1662 ἐκράτυνε
747 1567 903 1662 σφετέραις
921 1563 1063 1663 φρεσίν)
1078 1564 1143 1664 (7),
1153 1567 1233 1640 etin
1248 1567 1360 1640 malos

343 1689 561 1784 insanosque
579 1711 644 1784 pro
662 1689 762 1762 tactis
780 1690 932 1762 saeviant
951 1687 1058 1784 (827,
1079 1694 1150 1772 Ζεύς
1167 1720 1219 1762 τοι
1243 1699 1359 1762 κολασ-

344 1816 401 1896 τὴς
429 1824 491 1885 τῶν
519 1816 718 1910 ὑπερκόμπων
748 1813 825 1911 ἄγαν
852 1815 1051 1912 φρονημάτων
1082 1819 1219 1904 ἔπεστιν,
1247 1813 1362 1896 εὔθυνος

345 1936 473 2036 βαρύς);
495 1937 685 2010 maximam
705 1939 813 2031 igitur
827 1921 968 2034 poenam
988 1940 1120 2013 debere
1139 1961 1248 2034 quum
1269 1940 1360 2012 Xer-

344 2083 428 2134 xem
457 2060 554 2156 quod
581 2061 739 2134 mortalis
770 2072 931 2134 sanctum
962 2062 1227 2158 Hellespontum
1254 2061 1362 2158 (775)

345 2188 534 2286 ipsumque
565 2190 817 2283 Ennosigaeum
845 2189 952 2289 (750)
975 2211 1164 2284 aggressus
1191 2191 1237 2265 sit
1264 2211 1362 2264 oom-

345 2315 498 2412 pedibns
527 2315 689 2405 vincire3
721 2327 795 2387 tum
827 2315 1013 2390 Persarum
1042 2317 1239 2396 exercitum
1266 2313 1362 2413 (873

347 2451 384 2514 et
400 2440 452 2538 a.)
466 2441 528 2535 qui
543 2441 581 2511 in
599 2440 734 2514 Graenia
755 2440 965 2535 permansit,
982 2440 1078 2534 qnod
1098 2441 1246 2514 deorum
1263 2461 1361 2514 com·

346 2565 512 2661 pitaverit
531 2563 679 2637 delubra
698 2573 734 2638 et
758 2565 841 2658 igue
861 2565 1069 2638 vastaverit.
1096 2565 1153 2638 Sio
1175 2562 1363 2662 sapientie

347 2699 383 2764 et
411 2691 534 2763 virtuti
561 2711 641 2763 esse
666 2690 859 2763 constituta
890 2708 955 2762 sua
980 2691 1040 2763 vel
1070 2692 1166 2785 apud
1199 2691 1363 2764 homines

348 2817 519 2913 proemia,
545 2834 647 2886 suam
673 2814 799 2887 sceleri
824 2835 979 2909 poenam.
998 2813 1113 2899 Quam
1132 2836 1219 2887 sane
1243 2833 1363 2887 rerum

347 2937 582 3012 humanarum
617 2938 892 3032 descriptionem
932 2951 1002 3012 non
1038 2939 1132 3033 apud
1169 2940 1362 3012 Homerum

348 3064 510 3138 eamdem
540 3062 724 3152 invenies3
753 3064 987 3136 recentiorem
1013 3063 1072 3136 illa
1095 3073 1200 3136 sonat
1219 3071 1364 3135 aetatem

349 3195 386 3262 et
408 3187 537 3259 summi
556 3197 671 3281 poetae
696 3186 815 3282 prodit
842 3188 1023 3279 ingenium
1047 3188 1108 3281 qui
1136 3187 1182 3260 de
1205 3187 1364 3259 moribus

352 3442 504 3510 titremmt)
524 3441 636 3514 placet,
658 3442 777 3498 omnino
796 3440 941 3498 sublatam
962 3442 1075 3516 opinor.
1098 3439 1172 3497 Vide
1195 3443 1276 3498 ista:
1303 3441 1364 3506 707,

350 3543 431 3594 θεόθεν
440 3543 487 3606 γὰρ
496 3542 561 3592 κατὰ
569 3540 837 3608 Μοῖρ,’ὶυράτησεν
845 3541 875 3593 τὸ
884 3542 999 3593 παλαίον.
1011 3567 1041 3578 -
1051 3540 1106 3598 362.
1115 3542 1159 3594 τὸν
1170 3543 1232 3593 θεῶν
1243 3541 1366 3606 φθόνον.

352 3658 382 3668 -
393 3631 451 3692 375,
465 3629 589 3694 δαίμων...
601 3630 711 3681 τάλαντα
725 3630 810 3697 βρίσας
825 3631 871 3682 οὐκ
893 3632 1053 3697 ἰσορρόπῳ
1065 3633 1136 3698 τύχῃ.
1151 3633 1205 3682 κτλ.
1220 3631 1367 3698 Quantum

350 3744 420 3786 vero
433 3729 509 3784 inter
521 3729 692 3801 AEsohylum
706 3735 735 3785 et
752 3727 933 3784 Herodotum
948 3729 983 3786 de
997 3729 1113 3785 deorum
1128 3731 1181 3785 itta
1196 3729 1307 3784 invidia
1321 3729 1367 3783 in-

352 3829 455 3894 tersit,
471 3829 579 3900 optime
594 3826 630 3883 ab
648 3826 684 3884 G.
700 3825 875 3884 Hoffmanno
892 3823 1062 3899 (Philolopnr
1078 3825 1148 3896 XV)
1170 3833 1215 3883 est
1237 3825 1368 3900 disputa·
1387 3849 1394 3864 ·

354 3935 427 3986 tum.
982 3973 984 3978 .

390 4026 429 4098 (7)
444 4024 519 4098 Opp.
535 4025 598 4094 779,
613 4028 701 4090 πεῖραν
720 4021 1052 4090 π(ν5’ἐμώρανεν...750,
1061 4028 1114 4080 πῶς
1123 4023 1177 4074 τότ’
1189 4020 1219 4072 οὗ
1231 4021 1302 4078 νόσος
1316 4021 1370 4086 εἶχε

353 4125 493 4190 παῖδ’ἰρόν.
506 4123 569 4183 775,
583 4125 658 4191 μέγας
677 4141 714 4183 τες
730 4123 789 4187 ἦλθε
810 4125 904 4188 δαίμων
923 4127 989 4177 ὥστε
1005 4126 1038 4189 μὴ
1051 4128 1186 4189 φρονεῖν
1203 4126 1291 4181 καλῶς.
1307 4119 1368 4180 808,

354 4210 447 4282 {idpsum
458 4215 550 4267 ἄποινα
562 4215 655 4267 etudine
667 4214 890 4281 φρονημάτων,
