3254 5112
791 553 957 616 -100-

368 693 463 765 enim
482 692 583 764 adest
606 692 651 763 ab
672 691 733 764 illo
756 691 953 785 Sophocleo
972 714 1114 786 semper
1133 695 1178 766 ad
1198 683 1287 766 iram
1312 698 1381 767 mi·

369 839 503 911 nasque
524 817 667 888 ruentel
692 815 862 898 Quamvis
895 837 976 887 erim
1004 838 1095 888 nova
1128 819 1257 890 mulcta
1288 820 1378 892 Pen-

369 940 472 1012 theus
498 940 672 1027 allecerit,
694 961 774 1033 quae
801 961 881 1010 curn
900 939 1045 1012 levitate
1068 941 1185 1034 aliqua
1211 930 1378 1036 majorem

368 1066 594 1138 acerbitatem
615 1064 750 1135 ferebat
770 1060 853 1157 (346
872 1074 908 1135 et
929 1062 993 1159 s),
1014 1066 1146 1138 crudus
1163 1067 1250 1140 alias
1267 1089 1380 1142 senex

368 1191 525 1284 iniquam
557 1189 725 1261 ultionem
751 1187 957 1282 aequissimo
986 1191 1106 1262 animo
1133 1192 1283 1284 patitur,
1311 1196 1375 1265 vix

367 1316 485 1408 aliqua
506 1335 663 1386 mussare
679 1326 867 1386 contentus
885 1311 972 1410 (358
993 1327 1029 1387 et
1052 1315 1115 1412 s.).
1135 1317 1258 1388 Utrum
1278 1320 1375 1392 vires

369 1463 414 1512 ne
428 1441 490 1511 irae
504 1439 647 1532 quidem
658 1440 732 1531 jam
748 1439 988 1532 suppeditant,
1002 1461 1072 1534 aup
1082 1441 1216 1534 lacidos
1233 1443 1379 1538 Dionysi

368 1586 485 1637 mores
504 1564 690 1635 aemulalur
706 1560 808 1657 (449,
826 1572 912 1657 φιλεῖ
928 1560 1154 1660 δ’..εἰρῆναν...
1175 1565 1259 1657 844,
1277 1570 1377 1665 πάντῃ

367 1686 454 1784 τόγ’
473 1691 544 1784 ἐμὸν
565 1691 702 1783 εὐτρεπὲς
717 1686 836 1783 πάρα)4
849 1688 911 1758 Dei
930 1688 1073 1781 quidem
1091 1690 1256 1762 subtilius
1277 1692 1377 1784 inge-

368 1815 466 1884 nium
487 1813 646 1884 nonnulli
661 1823 870 1904 arguerunt;
885 1813 948 1885 sed
968 1814 1031 1887 vix
1048 1815 1133 1885 mihi
1151 1814 1247 1909 lingo
1263 1838 1374 1888 unum

368 1940 534 2012 lectorem
547 1938 707 2032 velapud
717 1942 1206 2034 veteres,praeteracerrimos
1217 1942 1375 2038 physicas

368 2075 575 2150 sectatores,
588 2063 697 2134 risum
716 2067 871 2134 tenuisse
888 2086 996 2156 quum
1012 2066 1168 2159 prudeus
1181 2067 1241 2138 ille
1254 2067 1381 2139 obscu-

368 2211 486 2260 rarum
505 2210 622 2260 rerum
639 2189 833 2281 explicator
852 2191 931 2260 sive
947 2189 1019 2261 vim
1033 2189 1156 2262 Bacchi
1177 2191 1285 2262 lraota
1305 2212 1379 2263 nra·

369 2314 465 2387 tion-e
482 2313 677 2384 celebraret
701 2311 788 2408 (278
808 2324 844 2385 et
861 2313 912 2406 s.)
937 2324 972 2384 et
994 2314 1125 2386 siccum
1145 2317 1217 2387 udo
1240 2316 1376 2387 conier-

368 2449 440 2525 ret,
465 2438 541 2508 sive
562 2437 607 2508 de
626 2441 693 2517 Διὸς
712 2449 796 2533 μηρῷ
813 2436 918 2533 (286)
934 2438 1090 2530 argutias
1110 2439 1187 2510 illas
1206 2440 1373 2510 ellutiret.

367 2563 501 2656 Nempe
533 2562 618 2649 ista,
646 2572 684 2632 ut
709 2560 932 2654 Anaxagorae
952 2562 1135 2656 discipulis
1161 2564 1374 2657 placuerint,

368 2690 476 2761 miror
495 2698 611 2758 tamen
631 2688 809 2780 quomodo
833 2687 985 2781 populns
1010 2689 1192 2781 exceperit
1212 2690 1376 2781 vatisque

367 2813 478 2886 indoli
498 2812 782 2884 accommodarit.
797 2811 904 2896 ‘Quod
923 2813 952 2883 si
966 2812 1060 2884 hunc
1078 2813 1239 2885 ultimum
1260 2814 1376 2885 locum

367 2934 638 3030 interpolatione
655 2937 773 3029 aliqua
788 2937 1010 3008 excusabunt
1023 2935 1082 3033 (V.
1094 2937 1238 3023 Boeckh,
1257 2937 1385 3008 Groecae·

368 3072 455 3152 trop.
469 3083 541 3152 pn,
553 3083 589 3154 p.
606 3060 674 3129 346
690 3070 726 3131 et
738 3061 910 3153 Hartuug,
926 3064 1009 3132 Eur.
1022 3072 1116 3150 rest,
1135 3061 1178 3150 ll,
1191 3059 1373 3133 stacon-

366 3196 419 3257 tra
438 3183 624 3254 Kirchholl
635 3183 802 3276 Euripidis
820 3185 1033 3274 editionem,
1053 3196 1088 3256 et
1109 3185 1301 3278 Naegelsb.,
1327 3189 1372 3257 N.

370 3306 741 3402 T.,p.ll5),quouam
753 3308 1373 3404 modoabjectampurgahunthomi-

368 3437 423 3508 nis
447 3434 622 3517 indolem,
645 3456 750 3527 quern
772 3435 896 3505 credas
920 3434 1077 3529 Dionysii
1097 3436 1259 3506 simiam‘l
1284 3437 1377 3509 Scite

367 3560 568 3652 Hartungus
588 3561 736 3646 notavit,
756 3561 779 3630 l.
799 3560 838 3642 l.,
860 3561 1070 3632 sententiam
1087 3561 1248 3631 eamdem
1269 3582 1374 3653 quam

368 3681 405 3750 in
429 3682 619 3775 Hippolyto
643 3701 768 3751 servus
792 3682 911 3754 senior
928 3681 1156 3768 defenderat,
1180 3692 1299 3752 tenere
1319 3682 1384 3753 hicw

367 3804 554 3894 Tiresiam3
579 3805 689 3897 liquet
711 3828 797 3878 vern
817 3829 926 3876 unum
946 3829 966 3879 e
988 3807 1117 3898 vulg0,
1142 3809 1211 3877 imo
1230 3828 1374 3876 servum

369 3950 439 4002 non
467 3930 566 4000 velut
592 3931 858 4002 celeberrimum
888 3943 1005 4003 vatem
1025 3955 1066 4004 ea
1091 3933 1261 4024 dignitate
1283 3931 1371 4021 srui,

369 4053 464 4125 unde
478 4054 583 4147 dejici
596 4055 706 4148 possit
720 4043 855 4127 et'vere
874 4055 941 4128 hoc
958 4058 1036 4130 loco
1051 4058 1110 4128 ille
1130 4058 1288 4152 dejectus
1305 4069 1370 4128 est.

368 4176 406 4249 ln
427 4181 562 4251 Bocclis
578 4201 647 4252 non
663 4182 734 4271 jam
753 4184 901 4276 θεομαχεῖ
911 4179 1016 4277 (325)
1031 4194 1156 4275 poeta3
1178 4182 1272 4253 idem
1288 4203 1382 4254 vero·
