3250 5120
660 607 701 622 ..
721 572 760 640 33
780 607 820 622 ..

233 721 269 784 et
295 711 406 806 ipsius
435 709 574 806 imperii
599 689 763 800 effundit,
784 709 847 781 sed
874 710 970 804 quod
990 710 1100 782 multe
1130 710 1244 802 majus

234 844 301 924 est,
319 835 485 909 humanae
503 844 639 908 naturae
656 833 894 907 infirmitatem
915 834 1110 932 siguificat,
1130 836 1245 908 hemi-

235 981 298 1032 ues
317 961 483 1056 pietatem
502 967 691 1054 ceteraque
709 957 825 1033 officia
846 960 997 1049 edueet3
1023 981 1088 1032 rex
1113 960 1247 1054 ubique
1269 995 1270 998 ¹

235 1093 352 1156 exstat
370 1085 553 1158 maximus
565 1093 601 1156 et
619 1105 706 1156 vere
723 1083 853 1177 diguus
871 1084 933 1178 qui
960 1105 982 1155 a
1003 1086 1078 1157 suis
1097 1093 1246 1159 vocetur

235 1208 342 1299 deus,
361 1230 382 1281 a
402 1209 505 1282 nobis
521 1218 621 1282 vates
639 1209 968 1303 praestantissimus.

586 1509 892 1574 PROMETHEUS.

284 1795 493 1870 Promethea
504 1797 662 1870 vinetum
675 1817 816 1892 semper
830 1797 891 1868 alii
908 1797 1010 1870 aliter
1025 1797 1256 1892 interpretati

236 1930 319 1993 sunt
329 1920 400 2020 (t).
413 1921 484 1996 Nes
502 1943 591 1996 uero
602 1923 664 2016 qui
678 1923 715 1993 iu
730 1922 849 1994 fabula
865 1933 901 1995 et
916 1923 952 1994 iu
974 1924 1046 1996 deo¹
1058 1923 1249 1996 diuinatio·

237 2066 317 2118 uem
343 2054 479 2118 tautum
507 2047 723 2139 quaerimus,
744 2046 840 2118 uiam
866 2047 1033 2119 tutiorem
1058 2068 1250 2140 sequemur

235 2169 298 2244 uhi
317 2170 446 2244 desunt
463 2180 499 2243 et
516 2172 705 2264 aenigmata
722 2179 757 2245 et
775 2172 849 2260 ille,
866 2194 887 2245 a
903 2173 1034 2267 quibus
1054 2173 1118 2244 vix
1136 2194 1253 2245 emer-1

236 2315 316 2370 sere
338 2304 391 2369 tot
407 2295 483 2385 alii,
504 2297 611 2369 reda.
632 2296 704 2369 Nee
728 2296 913 2391 scopulum
931 2296 1156 2370 offendemus
1178 2319 1254 2390 que

236 2429 288 2494 tot
306 2421 459 2513 egregiae
478 2437 589 2494 naves
610 2420 750 2494 afflietee
768 2431 872 2510 suut,
893 2443 1003 2515 quum
1023 2422 1060 2494 iu
1079 2421 1252 2516 iuterpre-

236 2544 344 2618 tuudo
387 2545 470 2617 huie
510 2547 571 2618 uui
608 2546 738 2620 iahulee
774 2547 877 2641 quasi
920 2539 1054 2641 egregii
1090 2547 1252 2640 eorporis

237 2676 398 2743 truncato
427 2671 586 2770 membro
612 2672 811 2761 haerereut3
841 2671 887 2742 ad
913 2678 1022 2744 totam
1050 2670 1250 2762 trilogiam,

238 2802 408 2886 quantum
438 2791 515 2866 fieri
542 2795 689 2890 poterit,
717 2795 947 2888 respiciemus
974 2795 1023 2866 ita
1048 2804 1188 2882 tamen,
1210 2803 1252 2865 ut

239 2917 423 3010 deperdita
442 2937 513 2992 nou
540 2918 577 2988 iu
600 2918 727 2990 tralatu
752 2917 872 2990 neseio
898 2937 969 3012 qua
991 2915 1158 3010 fingendo
1185 2937 1251 2990 uos

240 3041 428 3135 restituere
443 3063 549 3144 posse
564 3040 797 3114 confidamus.

244 3241 247 3246 ,
286 3163 441 3236 Primum
461 3167 498 3236 iu
518 3177 649 3239 serata
669 3167 784 3260 fabule
801 3167 910 3239 viden
930 3177 1101 3261 quantum
1118 3177 1154 3239 et
1168 3167 1252 3239 Pro—

240 3289 371 3363 methei
397 3292 535 3365 indoles
559 3302 597 3365 et
622 3303 694 3367 teta
717 3293 810 3366 actio
833 3314 855 3364 a
878 3293 1048 3365 diuinandi
1070 3305 1143 3364 arte
1166 3313 1252 3386 peu.-

241 3414 337 3488 deut.

289 3541 414 3634 Liquet
435 3543 494 3614 illu
506 3547 711 3637 potissimum
727 3565 835 3614 rerum
850 3549 1037 3634 suturarum
1053 3541 1249 3634 prudentie,

242 3664 298 3734 eui
330 3685 459 3737 nomeu
495 3666 642 3756 debuit,
677 3665 738 3737 hie
762 3687 902 3759 semper
932 3665 1125 3736 Promethea
1156 3665 1255 3735 inuiti
1380 3717 1382 3720 -

240 3809 434 3883 omnesque
459 3789 536 3881 ejus
560 3810 686 3862 seusus
722 3790 782 3862 uel
807 3789 904 3861 illiue
927 3789 1038 3861 fluere
1074 3789 1132 3860 uel
1168 3789 1252 3860 illue

242 3913 385 4006 referri3
409 3935 612 4008 quanquam
637 3915 778 3986 diversa
805 3925 881 3986 erat
898 3916 1011 4010 prime
1031 3924 1136 3986 aetate
1156 3913 1252 3985 illius
1299 3990 1303 3997 ,

281 4207 316 4276 tt)
339 4207 376 4268 V.
392 4207 558 4280 Wecklein,
573 4207 627 4270 Ed.
643 4213 818 4270 Prometheus
832 4213 1002 4282 ltinlettunp,
1019 4222 1048 4283 p.
1065 4207 1109 4266 1‘2.
