3250 5120
669 565 829 634 ..31-

243 707 346 779 detor
363 706 496 792 resciit,
517 704 581 775 sed
600 703 649 774 ita
669 703 862 794 interrogat
879 715 918 774 ut
933 703 1000 776 ista
1014 679 1149 798 aperiat
1168 727 1252 799 quea

242 831 377 924 reliqua
405 829 498 900 mala
526 825 740 919 significent.
770 825 836 898 Ubi
864 828 909 899 de
936 827 1086 901 Athenis
1110 827 1185 926 (l),
1207 830 1253 901 de

243 955 383 1026 nautico
397 953 491 1026 hello
511 951 613 1049 (7l9.
631 951 681 1022 Cf.
699 949 787 1038 728,
802 955 944 1034 ναυτικὸς
958 956 1098 1049 στρατός,
1115 965 1151 1024 el
1166 952 1251 1044 906,

242 1088 394 1175 πλαγαῖσι
409 1075 619 1172 ποντίαισιν),
640 1075 686 1147 de
698 1076 824 1168 juncto
844 1076 1073 1171 Hellesponto
1092 1075 1197 1175 (tat)
1212 1097 1254 1151 ac

242 1205 371 1278 Xerxis
397 1205 479 1296 loga
502 1201 608 1300 (734)
631 1201 732 1295 qnasi
759 1212 843 1273 nota
862 1205 1132 1296 recognoverit,
1159 1204 1255 1276 omni

242 1329 379 1421 abjecta
402 1327 624 1400 dubitatione
650 1327 810 1422 protinus
835 1327 1010 1399 exclamat
1035 1327 1142 1424 (tae)
1168 1353 1177 1399 t
1202 1339 1255 1424 φεῦ

242 1453 357 1548 ταχεῖά
370 1457 402 1549 γ’
417 1451 491 1528 ἦλθε
507 1461 652 1548 χρησμῶν
669 1445 849 1547 offic-3
860 1451 944 1523 dein
961 1451 1055 1524 dicia
1070 1462 1154 1524 anie
1166 1452 1254 1524 rele-

242 1576 313 1670 git3
325 1577 457 1650 weodem
475 1575 602 1648 ordine
617 1575 788 1648 {actorum
804 1576 963 1670 quidque
981 1578 1134 1650 aestimat
1149 1573 1253 1672 (tto,

243 1700 338 1790 790,
363 1699 459 1796 κτλ.)
485 1721 638 1794 quaeque
673 1701 892 1774 conticuerat
926 1703 1044 1774 statim
1073 1712 1257 1796 percenset

243 1825 375 1911 omnia.
392 1865 442 1878 --
458 1825 600 1898 Haerent
616 1825 723 1896 etiam
742 1825 850 1920 aliqui
876 1827 914 1896 in
938 1827 1000 1898 illc
1025 1825 1256 1898 celeberrimo

243 1951 328 2044 quod
354 1956 390 2022 in
423 1973 551 2043 opressa
583 1951 640 2022 dat
668 1951 812 2023 consilio.
852 1951 929 2024 Non
962 1952 1059 2024 enim
1089 1950 1257 2022 flentibus

242 2073 351 2149 addet
371 2074 497 2146 Darios
510 2098 521 2166 ;
547 2074 659 2146 ritem
683 2075 726 2146 iis
750 2075 888 2146 invidet
910 2084 1101 2168 monetque
1128 2073 1256 2146 nevel

242 2199 281 2272 in
302 2199 404 2272 malis
429 2208 628 2293 temperent
647 2199 733 2293 quin
756 2221 861 2272 senes
872 2253 884 2289 ,
905 2200 942 2270 in
961 2200 1056 2271 diem
1074 2221 1180 2293 quem
1205 2207 1257 2271 te·

242 2339 349 2417 nent,
371 2328 545 2422 voluptati
563 2329 721 2400 animum
746 2329 880 2400 dedant
900 2325 1010 2423 (tto,
1029 2325 1166 2426 τρέοὸοις
1184 2331 1258 2424 χαί-

244 2463 305 2554 ρετ’
330 2463 359 2528 ἐν
387 2451 494 2538 κοινοῖς
525 2460 635 2553 ὅμως).
666 2457 705 2529 ld
738 2479 881 2552 qnoque
913 2470 949 2530 et
975 2457 1195 2532 homericum
1222 2466 1258 2530 et

243 2581 407 2656 Graeoum
428 2579 485 2680 (2)
504 2592 558 2654 est
568 2635 579 2672 ‚
603 2603 760 2654 necnon
780 2603 800 2654 a
827 2604 936 2654 sensu
956 2583 1107 2654 naturali
1124 2592 1254 2654 ortum.

242 2705 315 2792 Etsi
333 2708 427 2801 apud
447 2707 578 2779 inferos
603 2706 752 2779 multum
772 2707 868 2778 valet
890 2707 1016 2778 Darios
1031 2704 1151 2802 (ool,
1171 2701 1256 2776 ἐνδο-

243 2829 421 2927 νοιστούοας)
439 2840 474 2903 et
492 2833 528 2902 in
547 2843 641 2904 terra
659 2831 764 2904 toties
784 2831 874 2904 deus
891 2831 1103 2927 appellator,
1125 2839 1255 2903 morto·

242 2953 286 3025 lis
310 2956 376 3026 luit
393 2953 503 3050 (632,
527 2958 616 3051 μόνος
633 2954 766 3052 θνητῶν)
785 2965 820 3026 el
843 2965 955 3027 morte
978 2956 1116 3027 vinctus
1143 2955 1253 3027 vitam
1352 2981 1363 3008 r

246 3099 288 3152 ac
304 3081 419 3152 locem
435 3082 624 3153 desiderat.
641 3081 710 3153 Ista
723 3101 811 3153 vero
826 3081 862 3151 in
876 3081 993 3154 medio
1012 3080 1109 3152 luctu
1125 3081 1254 3174 volup-

245 3204 326 3275 tatis
344 3204 542 3277 recordatio
565 3227 684 3277 nonne
702 3213 893 3277 excusatur
910 3204 1007 3298 qnod
1029 3215 1109 3300 post
1128 3215 1180 3276 tot
1198 3225 1254 3276 ca·

245 3328 419 3402 lamitates
438 3330 517 3403 sive
536 3341 728 3426 praesentes
750 3330 829 3403 sive
848 3330 1073 3402 imminentes
1093 3350 1255 3400 necessa-

245 3453 296 3524 ria
316 3453 382 3524 luit
399 3453 518 3549 aliqua
537 3455 651 3525 animi
665 3455 848 3544 remissio,
871 3475 915 3525 ne
942 3454 1101 3526 adventu
1127 3452 1258 3524 Xerxis

245 3709 351 3775 heure,
368 3715 397 3765 et
410 3725 559 3783 pronoque
573 3710 600 3765 le
615 3709 708 3765 bltme
722 3708 759 3764 de
773 3724 807 3764 se
820 3706 957 3764 conduite
977 3723 1013 3762 en
1032 3707 1151 3764 vculant
1169 3723 1259 3780 appe-

243 3805 286 3861 ler
298 3808 327 3863 la
340 3804 411 3880 pitie
426 3823 477 3864 sur
488 3823 538 3862 ses
549 3805 743 3871 sonffrnnces.
758 3824 773 3860 ο

279 3903 318 3974 (l)
335 3904 447 3977 Nempe
461 3910 595 3978 spectant
608 3905 628 3960 ii
643 3904 694 3975 qui
708 3903 765 3960 sibi
780 3901 915 3960 videntur
928 3903 1074 3970 αὐτόχθονες
1090 3904 1168 3962 unde
1182 3903 1257 3959 iste:

245 3999 306 4064 792,
320 4002 382 4062 αὐτὴ
394 4003 468 4069 γὰρὴ
482 4009 519 4066 γῆ
533 4002 674 4068 Ξύμμαχος.

284 4091 320 4160 (ἳ)
339 4089 377 4148 V.
395 4089 495 4158 Patin,
513 4091 542 4160 1,
558 4091 621 4148 236.
644 4089 748 4146 Confer
768 4091 855 4148 etiem
875 4089 989 4165 Eurip„
1011 4093 1089 4148 Herc.
1111 4089 1186 4158 sur„
1206 4086 1258 4144 503

247 4193 276 4246 ct
288 4187 324 4244 ir.
340 4195 413 4260 trag.
431 4205 474 4260 gr.
489 4205 588 4258 enom,
604 4187 738 4263 Wagner
753 4189 834 4258 Did..
853 4189 874 4247 f.
891 4189 936 4258 ts,
953 4207 983 4263 p.
999 4189 1063 4248 lot.
