3254 5112
768 539 812 588 ..·
829 541 868 606 80
889 576 929 588 -

333 687 548 770 ,gererentur
572 699 653 750 oum
673 677 729 748 his
748 698 830 771 quae
858 677 1011 750 senserit
1038 679 1215 773 quidquid
1244 681 1356 755 disse·

299 883 306 900 ι
342 812 425 873 runt
450 802 604 874 inductae
631 822 814 896 personae,
848 801 926 874 sive
956 823 1022 874 sua
1050 825 1203 897 quaeque
1236 803 1357 878 indole

342 930 420 999 sive
435 927 555 1021 aliquo
573 927 845 1021 argumentandi
865 927 1019 1015 ambitu,
1043 936 1080 1000 et
1097 939 1136 1000 ut
1153 929 1230 1022 ipse
1248 930 1298 1000 ait
1317 933 1358 1012 τίς

342 1053 441 1148 λόγων
471 1055 573 1148 ἀγῶνα
592 1050 660 1149 (1).
689 1052 736 1124 Ea
763 1051 857 1146 apud
883 1051 1088 1146 Euripidem
1114 1054 1225 1146 magis
1250 1075 1355 1148 quam

342 1175 436 1268 apud
458 1197 671 1270 quemquam
692 1176 896 1249 intermixta
915 1177 1130 1258 invenimus.
1151 1179 1238 1249 Sunt
1263 1179 1357 1250 enim

343 1321 424 1393 quae
447 1302 545 1375 nullo
569 1303 772 1377 medeare
797 1314 834 1374 et
860 1324 1011 1397 persona
1036 1325 1188 1376 avocare
1205 1304 1354 1394 debeas;

344 1424 445 1497 verbi
460 1447 565 1498 causa
584 1427 866 1521 Bellerophontis
884 1427 1004 1523 impiae
1021 1449 1129 1500 voces
1147 1425 1231 1522 (lrg.
1254 1427 1356 1526 293).

335 1547 432 1621 ,Sunt
454 1573 535 1644 quae
559 1573 762 1646 quanquam
781 1573 853 1624 non
874 1574 896 1625 a
921 1575 960 1626 re
985 1553 1101 1624 aliena
1120 1553 1248 1627 melius
1275 1553 1358 1624 inde

344 1687 555 1767 evocentur,
573 1678 657 1771 qnia
674 1687 769 1750 stant
785 1701 849 1773 per
864 1701 904 1751 se
921 1679 997 1773 ipsa
1011 1689 1114 1750 extra
1133 1700 1238 1772 opus,
1259 1687 1295 1750 et
1313 1677 1358 1749 ad

344 1821 456 1894 genus
483 1803 745 1896 quodammodo
773 1805 972 1899 pertinent,
1007 1805 1099 1877 sicut
1130 1826 1172 1876 ea
1206 1826 1288 1897 quae
1314 1805 1359 1876 de

345 1925 487 1998 vatibus
509 1927 545 1999 in
575 1930 704 2034 [delean
722 1929 872 2023 aliisque
896 1930 1044 2017 tabulis,
1073 1930 1118 2002 de
1142 1929 1197 2000 dis
1224 1929 1260 1999 in
1282 1931 1360 2000 Ιοαο

332 2049 535 2142 ¹jactantur3
551 2063 636 2125 suut
655 2076 737 2147 quae
751 2077 821 2127 non
842 2054 910 2127 alia
926 2055 1062 2128 ratione
1076 2075 1182 2148 qnam
1198 2056 1360 2146 sejuncta

346 2173 494 2268 intelligi
512 2178 649 2271 possint
669 2190 732 2250 aut
750 2179 925 2275 debeant,
954 2190 993 2250 ut
1018 2180 1054 2250 in
1079 2178 1221 2250 Bacchas
1240 2204 1251 2249 .·
1270 2176 1358 2269 101,

337 2306 490 2402 ’πατρίους
507 2303 698 2404 παραδοχάς.
724 2308 802 2380 Alia
818 2309 894 2404 ipse
909 2331 980 2382 non
1002 2309 1112 2403 pluris
1130 2308 1234 2381 duxit
1252 2329 1359 2402 quam

346 2449 388 2502 ea
406 2452 486 2523 quae
501 2432 546 2503 ad
561 2435 735 2525 agendam
755 2435 908 2506 fabulam
924 2431 1006 2506 hino
1020 2433 1117 2505 illinc
1132 2432 1361 2527 comparabat

336 2551 411 2648 (lta
445 2555 483 2626 dc
512 2560 594 2649 fotu.
630 2558 710 2630 Vid.
745 2558 967 2653 Bernhardy,
1003 2559 1118 2634 Erech.
1150 2581 1188 2630 u.
1214 2558 1358 2646 Gmber,

386 2844 419 2916 (i)
428 2844 620 2918 Frg.A7ttt'npa
632 2848 739 2918 1113)...
750 2858 844 2908 δισσῶν
853 2857 932 2920 λόγων
939 2857 1033 2921 ἀγῶνα.
1040 2846 1077 2902 Cf
1079 2890 1084 2902 .
1095 2849 1234 2913 Alcmena,
1243 2847 1299 2919 frg.
1310 2845 1356 2912 93,

346 2960 374 2999 v.
391 2943 408 2998 1
429 2951 458 2999 et
478 2945 508 3009 6,
525 2952 554 3000 et
576 2949 682 3015 nictus,
698 2948 738 3019 fg.
757 2946 807 3004 316
823 2965 831 3005 :
847 2958 925 3021 λόγων
942 2958 975 3014 εἰς
986 2957 1100 3020 ἅμιλλαν.
1115 2945 1175 3004 Ista
1189 2947 1253 3003 aliis
1268 2962 1358 3018 sepu-

344 3048 464 3096 suerant
483 3050 597 3100 veteres
614 3067 619 3099 ε
635 3043 802 3110 Lucienus,
827 3047 891 3115 Jup.
915 3052 1000 3116 trop..
1021 3046 1052 3103 11
1076 3053 1356 3108 ειπεικα1’1αοτδν

344 3139 437 3190 ὁπόταν
458 3142 472 3190 ὁ
493 3140 646 3208 Ἔυριπίδης,
663 3144 736 3207 μηδὲν
759 3145 902 3207 ἐπειγούσης
921 3152 963 3206 τῆς
980 3145 1062 3211 χρείας
1084 3151 1133 3196 τῶν
1155 3145 1287 3212 δραμάτων
1302 3182 1308 3198 .
1325 3142 1357 3193 τὰ

346 3237 466 3288 δοκοῦντά
478 3241 501 3288 ol
515 3240 580 3304 λέγῃ.
595 3266 625 3276 -
638 3231 737 3287 Schol.
752 3235 852 3298 Medea,
868 3233 921 3291 300
936 3255 942 3288 t
957 3248 1032 3293 τοῦτο
1047 3241 1075 3292 οὐ
1087 3243 1239 3306 δογματίζων
1254 3243 1268 3291 δ
1282 3257 1356 3300 ποιη-

336 3337 387 3396 τής
397 3353 477 3400 φησιν,
488 3337 662 3404 ἀλλάρμοζό
671 3356 757 3404 μενος
769 3341 829 3405 πρὸς
841 3341 871 3392 τὸ
883 3338 1102 3405 ὑφεατοκδςῆθος.
1115 3329 1275 3385 Maximum
1286 3344 1356 3384 sane

344 3429 392 3481 est
410 3427 570 3498 periculum
591 3445 625 3484 nc
642 3445 710 3486 vere
725 3431 842 3486 omniuo
857 3429 1057 3501 importunum
1070 3444 1107 3484 ne
1120 3429 1151 3484 iu
1170 3445 1229 3483 una
1242 3442 1357 3498 quaque

346 3541 417 3580 voce
440 3543 523 3582 mens
546 3535 638 3600 poetae
658 3534 812 3601 quaeratur,
835 3544 926 3598 quum
949 3528 1040 3583 multa
1061 3530 1089 3582 iu
1111 3527 1274 3583 fabularum
1293 3541 1358 3598 per·

343 3623 428 3678 'sonis
447 3639 483 3679 ex
496 3627 621 3699 propriis
635 3627 748 3683 illarum
762 3627 914 3683 affectibus
929 3632 1054 3691 manent,
1070 3627 1129 3683 imo
1144 3625 1180 3680 ad
1195 3639 1246 3680 eos
1261 3623 1358 3695 sigui·
1451 3619 1454 3624 '

346 3719 481 3778 fioandus
502 3725 682 3796 effingendos
705 3727 801 3782 omnia
820 3725 866 3779 vel
886 3724 1038 3780 notissima
1062 3723 1117 3794 (V.
1146 3721 1357 3778 Dioscurorum

346 3826 469 3876 mortem
490 3823 593 3888 Helen„
619 3823 670 3880 lla
689 3830 718 3881 et
740 3825 777 3894 s.)
796 3825 949 3880 immutare
971 3831 1028 3905 nou¹
1052 3821 1164 3878 dubitet
1181 3819 1354 3892 Euripides,

346 3919 453 3976 nedum
472 3936 559 3976 sensa
580 3938 633 3978 sua
652 3923 689 3978 oh
709 3923 839 3979 eamdem
863 3939 980 3980 causam
1005 3939 1063 3978 non
1085 3919 1283 3978 obscuraverit
1305 3925 1356 3974 aut

341 4016 538 4074 omiserit-
558 4017 631 4075 Vide
651 4021 738 4076 etiam
756 4037 843 4094 quam
862 4021 1014 4094 ingeniose
1033 4019 1188 4076 Drnnheus
1206 4007 1355 4084 (lantolt,

345 4114 376 4170 in
390 4117 483 4188 capite
496 4118 591 4181 tertio,
605 4134 635 4190 p.
651 4117 696 4187 63)
715 4118 793 4190 quod
810 4117 964 4192 Sophoclis
978 4122 1040 4174 erat
1057 4116 1093 4172 ab
1108 4133 1142 4173 eo
1157 4115 1235 4188 quod
1254 4131 1313 4171 non
1328 4112 1355 4168 ei

338 4212 549 4282 tribuendum,
565 4215 750 4288 separaverit.
