3254 5112
784 513 827 534 a.
848 485 887 550 93
900 513 947 532 2-

358 651 443 702 nem
464 625 519 724 (i)
537 628 714 700 draoou-tis
734 628 769 698 in
786 639 888 697 antro
906 626 1043 714 necari3
1066 644 1182 718 neque
1202 626 1277 697 ulta·
1295 647 1375 698 ore·

362 754 468 826 tionis
488 753 634 826 mollitie
653 752 749 824 levat
764 752 816 822 rei
835 750 1098 840 erudelitatem;
1114 751 1375 824 verbisoontru

362 877 549 948 barbaram
575 888 610 947 et
636 886 776 947 aetatem
802 885 838 946 et
855 886 1004 966 *gentem
1023 886 1127 946 sonat
1153 870 1263 969 (ott,
1293 879 1378 970 χθὼν
1457 947 1467 962 ‚

361 995 464 1108 δ’ρὶντὶ
499 1014 615 1098 καρποῦ
641 1005 787 1096 respuite,
822 1003 893 1070 ἀντὶ
926 1004 1087 1095 θάἵματος
1119 999 1185 1095 αἷμ’
1219 989 1255 1078 tir
1291 997 1378 1098 λᾷὅῃ,

360 1129 528 1222 βρότειον).
550 1126 664 1197 Fauiie
690 1125 868 1197 oredimus
886 1124 1030 1196 Tiresiae
1053 1122 1158 1221 (955)
1182 1125 1265 1196 talia
1284 1125 1375 1197 vati-

361 1249 556 1321 oinantium
579 1262 690 1322 artem
722 1250 860 1344 plenam
885 1271 964 1320 esse
990 1250 1206 1354 acerbitatis.
1235 1278 1281 1303 -·-
1311 1249 1373 1320 Sin

363 1375 492 1446 melius
518 1397 592 1447 rem
618 1386 725 1447 totam
747 1373 940 1469 perspiois,
970 1384 1087 1447 uatem
1114 1375 1291 1467 intelliges
1311 1395 1375 1468 pu·-
1473 1383 1479 1398 “

365 1520 443 1569 rum
457 1499 607 1592 *quidem
625 1499 864 1592 praeseferre
884 1499 941 1569 vei
962 1498 1145 1590 dignitatis
1160 1499 1222 1570 'vel
1245 1499 1376 1571 veritaL

364 1623 424 1713 tis,
443 1623 508 1694 sed
530 1623 714 1694 utilitatem
738 1645 862 1709 suam,
889 1643 969 1716 quae
993 1624 1068 1695 solu
1088 1625 1164 1714 ejus
1184 1622 1379 1694 inducendi

367 1767 472 1818 eausa
491 1747 570 1836 tuit,
586 1747 850 1841 quodammodo
869 1756 989 1841 aperte
1004 1747 1115 1818 fateri.
1138 1746 1249 1818 Patris
1269 1747 1376 1818 asten·

365 1881 440 1942 tum
458 1871 641 1965 oportebat
661 1893 824 1959 movere,
846 1873 918 1942 imo
935 1872 1096 1943 efferare.
1116 1871 1209 1965 Ergo
1227 1892 1299 1943 non
1319 1870 1380 1942 hio

367 1995 517 2069 Tiresias
549 1998 680 2091 primas
710 2009 828 2091 partes
860 1998 932 2089 agit
967 2008 1003 2068 et
1035 1998 1225 2094 spectantis
1258 2017 1379 2070 euram

368 2134 503 2213 meret,
524 2123 588 2194 sed
611 2123 722 2195 Creon
740 2124 836 2194 onia
861 2123 916 2194 dis
936 2124 1138 2217 praecipitur
1153 2124 1225 2195 neti
1241 2123 1381 2218 suppli·-

367 2246 476 2318 oium.
498 2247 765 2320 commentitius
789 2248 932 2342 quidem
953 2249 1095 2321 videtur
1118 2249 1177 2320 ilie
1202 2248 1380 2338 hariolus3.

367 2372 432 2444 sed
451 2383 551 2466 pater
567 2394 672 2467 quam
692 2375 820 2445 verusl
844 2383 882 2445 ut
899 2373 1023 2446 dolore
1044 2385 1079 2445 et
1099 2372 1329 2445 reluctatione
1345 2381 1381 2444 et

368 2497 533 2590 precibus
552 2508 587 2568 et
609 2518 729 2568 errore
746 2498 880 2592 placet!
903 2498 1028 2590 Liquet
1046 2498 1129 2568 hino
1147 2520 1210 2568 our
1230 2494 1380 2568 Eteoelis

369 2621 449 2693 vioe
470 2620 580 2692 Creon
609 2622 654 2692 ad
688 2623 945 2694 consulendum
968 2623 1140 2714 iungatur
1170 2620 1292 2718 (769);
1318 2626 1381 2690 our

369 2745 570 2818 Menoeceus
581 2747 748 2818 Tiresiam
766 2747 990 2818 arcessiverit
1011 2759 1045 2817 et
1062 2746 1107 2817 ad
1121 2758 1254 2841 putrem
1267 2746 1380 2818 durne-

366 2869 429 2956 rit,
457 2871 552 2941 unde
575 2870 633 2941 illa
653 2854 869 2943 'exclamatio
893 2881 1055 2964 erumpet
1076 2871 1181 2965 piena
1199 2872 1347 2941 attentus
1370 2893 1381 2938 ι

371 2994 456 3083 905,
478 3002 618 3065 ποῦ’στιν
637 3001 799 3078 Μενοικέυς
818 2995 883 3092 (Cf.
897 2994 1009 3090 '8403
1029 2998 1080 3066 sic
1094 3018 1142 3067 ex
1158 2995 1384 3067 divinatione

370 3123 476 3194 dueta
491 3137 575 3194 sunt
589 3145 686 3195 erma
706 3135 846 3196 vetusta
862 3126 1006 3217 quidem
1024 3137 1061 3196 et
1075 3125 1145 3195 situ
1166 3125 1296 3218 turpia,
1314 3124 1380 3196 sed

369 3249 502 3342 quibus
521 3249 829 3343 praeetarissimum
849 3262 1026 3320 certarnen
1042 3250 1177 3320 institui
1195 3250 1321 3344 potuit.

422 3375 516 3446 idem
533 3385 631 3446 vates
647 3373 683 3444 in
696 3377 834 3446 Bacchis
853 3375 1032 3446 indueitur
1043 3375 1199 3470 «primum
1215 3377 1323 3447 oredo
1337 3397 1385 3446 ne

369 3498 523 3571 Cadmus
546 3499 638 3571 adsit
655 3499 901 3590 inoomitatus‚
917 3501 1054 3574 *deinde
1072 3523 1119 3572 ne
1135 3501 1299 3572 incautus
1311 3500 1381 3570 im-

371 3624 577 3717 prudensve
611 3624 657 3696 ad
694 3625 918 3736 saerilegium
943 3635 1170 3718 :mortemque
1200 3625 1384 3697 Pentheos

371 3756 467 3822 ruat.
497 3749 622 3820 Mirum
654 3773 740 3823 vero
773 3762 943 3844 quantum
971 3774 992 3822 a
1020 3727 1168 3846 pristina
1194 3751 1318 3823 indoie
1342 3760 1384 3822 =et

415 4059 448 4126 (i)
472 4056 555 4124 Quod
570 4058 617 4114 ille
632 4076 708 4117 unus
722 4077 777 4118 neo
790 4061 943 4135 quisquam
958 4064 1033 4120 nlius
1047 4065 1111 4136 lege
1123 4063 1302 4134 designatur,
1314 4062 1387 4118 sub·

375 4155 514 4214 tilitatem‘
523 4164 552 4214 et
565 4158 782 4234 interpretantis
794 4163 868 4218 vatis
879 4169 907 4219 et
914 4163 1048 4236 jubentis
1056 4161 1103 4218 dei
1112 4161 1253 4220 admira're
1264 4160 1325 4229 (ott
1336 4162 1386 4230 s).
