3254 5112
750 536 908 600 ..32..

325 681 506 768 restituto,
529 677 652 774 incipit
676 677 722 751 de
751 686 875 771 poeta,
902 684 1031 748 nostrae
1057 670 1202 768 quidem
1221 671 1342 746 aetatis
1419 698 1421 702 ·

325 806 422 886 haud
441 807 531 880 adeo
551 803 718 892 absimili,
738 822 871 876 novum
888 801 993 874 etiam
1005 796 1180 892 judicium
1199 798 1258 870 vel
1273 819 1336 892 po·

326 932 396 1003 tius
416 929 603 1004 admiratio
629 949 737 1002 nova.
762 926 916 1001 Primum
952 924 1156 999 videbimus
1182 922 1267 1017 quid
1292 922 1343 1010 de·

326 1057 381 1130 dis
403 1057 576 1139 sentirent
595 1053 773 1148 Euripidis
797 1051 973 1145 aequales,
1002 1060 1123 1144 postea
1148 1047 1237 1143 qnid
1261 1048 1343 1142 ipse·

323 1173 494 1270 senserit,
516 1181 574 1254 vel
605 1179 723 1274 potius
749 1179 784 1249 in
812 1198 901 1271 quas
933 1174 1130 1250 contrarias
1159 1174 1246 1248 vitae
1274 1173 1337 1257 de·

326 1327 432 1386 oursu
449 1303 726 1401 praecipitaverit
745 1303 952 1378 sententias.

376 1431 562 1527 Euripides
581 1431 627 1502 ab
646 1428 811 1524 AEsohylo
826 1439 862 1502 et
879 1427 1052 1523 Sophocle
1066 1427 1187 1517 distat,
1201 1425 1232 1498 si
1247 1446 1340 1507 com·

328 1566 429 1652 putes
456 1579 589 1647 annos,
621 1553 683 1627 vix
713 1554 828 1648 spatio
856 1557 982 1650 viginti
1016 1579 1210 1649 annorum,
1237 1555 1269 1628 si
1292 1554 1340 1634 ad

329 1683 448 1762 varios
465 1682 574 1754 animi
593 1703 720 1756 sensus
737 1684 913 1772 attendas,
926 1693 1061 1756 tantum
1082 1694 1253 1777 quantum
1271 1683 1348 1756 ἀίει

329 1809 450 1881 tabant
470 1807 577 1883 etiam
605 1809 673 1901 ejus
703 1810 845 1902 oequobs
874 1831 895 1882 a
922 1808 1066 1902 proavis
1094 1808 1184 1898 arnis,
1219 1808 1257 1882 id
1287 1817 1344 1884 est

328 1955 434 2030 quam
455 1934 659 2029 plurimum.
687 1932 763 2005 Non
788 1935 882 2006 enirn
901 1933 1085 2024 Helenam,
1107 1954 1178 2007 non
1201 1933 1340 2028 Iphige-

330 2060 424 2130 niam
455 2069 659 2153 spectarunt
684 2058 893 2132 Marathonii
927 2059 1014 2147 viri,
1048 2079 1165 2152 neque
1197 2058 1248 2130 illi
1278 2058 1342 2153 qui

329 2195 435 2256 cantu
456 2205 497 2256 ac
518 2186 606 2256 leste
625 2183 812 2258 saltatione
834 2182 1060 2257 Salaminiam
1088 2183 1229 2258 laudem
1248 2183 1342 2262 oela-

329 2306 536 2400 braverant,
570 2309 635 2382 sed
667 2308 830 2382 homines
858 2307 1076 2382 callidissimi
1113 2308 1247 2402 ingenii
1280 2306 1346 2404 qui.

330 2436 450 2509 omnia
483 2434 733 2508 scrutabantur
763 2447 800 2509 et
832 2455 970 2509 summa
1007 2435 1178 2510 aviditate
1209 2455 1343 2510 novum

329 2561 467 2655 aliquid
486 2571 522 2634 et
543 2561 612 2634 sibi
630 2561 829 2642 inauditum
850 2571 887 2634 et
911 2573 1120 2655 exspectare
1146 2573 1182 2637 el
1200 2559 1344 2636 haurire

330 2686 505 2762 solebant.
524 2687 610 2757 Tum
630 2688 865 2780 citoqucdam
882 2709 988 2763 cursu
1007 2712 1025 2754 a
1045 2708 1116 2758 non
1129 2697 1200 2764 lam
1220 2707 1342 2781 proce-

332 2810 457 2882 dentes
467 2831 572 2904 qnam
593 2808 840 2908 evolantes(l)
860 2837 877 2878 u
897 2811 1163 2906 abripiebantur
1181 2820 1217 2886 et
1234 2808 1342 2884 animi

332 2944 369 3008 et
384 2946 500 3025 artes,
522 2958 638 3031 neque
658 2937 729 3008 ulla
748 2937 1015 3032 relinquebatur
1024 2937 1082 3009 vel
1098 2935 1345 3012 resistentibus

333 3079 444 3133 mora.
466 3060 542 3131 Non
561 3061 690 3132 restitit
709 3063 860 3156 primum
883 3061 1083 3157 Euripides,
1105 3061 1170 3137 sed
1188 3048 1345 3154 aequales

332 3181 460 3280 partim
478 3196 620 3258 secutus
639 3196 705 3277 est,
728 3188 854 3281 partim
883 3187 1046 3260 anteivit.
1067 3187 1157 3260 Hinc
1175 3187 1265 3260 silva
1285 3186 1345 3258 illa

334 3312 486 3386 delinxit
503 3316 772 3404 sententiarum,
791 3327 827 3388 et
842 3316 997 3390 assiduae
1018 3317 1285 3403 controuersiae,
1309 3324 1346 3386 et

333 3439 528 3514 dialecticae
556 3440 737 3535 captiones
767 3450 803 3512 et
833 3441 944 3514 variae
981 3440 1150 3516 orationis
1191 3440 1343 3529 deliciae,

334 3564 490 3658 denique
514 3564 630 3638 dulcia
656 3566 808 3641 inomni
831 3586 963 3660 genere
991 3566 1091 3652 vitia,
1121 3587 1203 3660 quae
1226 3565 1347 3638 nescio

333 3709 380 3762 an
404 3689 517 3782 magis
538 3711 600 3762 cos
628 3690 838 3767 delectarint
858 3712 964 3786 qnam
988 3691 1090 3765 nobis
1114 3689 1344 3785 displiceant3

335 3818 399 3890 sed
414 3817 567 3890 maxime
584 3818 667 3891 binc
685 3820 854 3912 gliscebat
877 3823 1044 3893 universa
1065 3842 1180 3893 rerum
1208 3818 1347 3890 divina·

335 3965 413 4014 rum
434 3944 631 4017 immutatio
645 3943 726 4038 quae
742 3946 849 4039 hujus
865 3947 1033 4042 temporis
1053 3946 1194 4041 propria
1214 3955 1282 4018 est.

374 4235 412 4304 (l)
428 4233 594 4302 Zambaldi,
610 4235 766 4306 Euripides,
782 4235 876 4308 prima
890 4235 976 4292 linea.
